2910 4792
136 237 200 301 474
253 238 257 249 '
486 249 689 299 aaruamrs
712 248 908 299 msroamu

136 424 264 468 rumnm
290 423 367 466 vero
394 400 548 467 differunt
572 401 709 467 hederae
738 400 943 484 sambucique
970 397 1066 476 acini,
1101 410 1139 465 et
1169 399 1288 487 figura

136 504 232 571 etiam
252 501 379 581 Punici,
409 503 557 591 angulosi
584 502 704 588 quippe
734 502 805 567 soli.
840 500 910 567 Nec
930 499 1013 566 cutis
1035 500 1108 567 ulla
1131 501 1287 590 singulis

135 616 264 692 praeter
284 626 472 671 conmunem
493 625 575 688 quae
598 612 646 669 est
667 603 820 681 candida;
849 601 988 686 totisque
1010 623 1114 667 sucus
1138 613 1179 667 et
1204 624 1288 669 caro

135 718 195 786 est,
223 705 273 771 his
300 705 472 791 praecipue
499 704 618 790 quihus
645 704 812 791 parvolum
838 703 921 769 inest
948 701 1040 790 ligni.
1077 701 1224 791 Magna
1252 714 1287 770 et
1299 716 1339 763 ιιι

135 807 224 875 bacis
253 806 434 873 differentia
441 831 450 884 3
488 805 570 871 aliae
595 827 735 890 namque
766 815 842 871 sunt
867 804 977 884 olivis,
1010 804 1116 871 lauris
1147 816 1189 871 et
1218 806 1286 873 alio

135 909 230 975 modo
251 909 327 986 loto,
356 908 471 986 cornis,
501 906 563 973 alio
590 908 715 993 myrtis,
743 906 895 984 lentisco;
924 904 1079 991 aquifolio
1110 906 1211 973 enim
1243 929 1285 973 ac

137 1011 248 1098 spinae
270 1011 338 1075 sine
360 1031 446 1086 suco,
468 1007 638 1092 medioque
660 1007 835 1074 etiamnum
848 1029 968 1094 genere
982 1006 1065 1072 inter
1080 1007 1192 1075 bacas
1209 1008 1283 1075 aci-

136 1135 258 1197 nosque
272 1111 400 1177 cerasis.
421 1111 560 1176 Pomum
574 1110 624 1175 his
645 1110 748 1196 primo
771 1109 943 1175 candidum
965 1118 999 1174 et
1018 1108 1091 1174 fere
1114 1111 1282 1177 omnibus

136 1215 225 1281 bacis
232 1239 241 1291 3
268 1237 344 1280 mox
364 1213 436 1279 aliis
457 1211 598 1290 virescit,
620 1223 658 1276 ut
678 1211 792 1289 olivae,
820 1210 914 1288 lauri,
936 1209 1031 1276 rubet
1051 1232 1133 1275 vero
1157 1212 1281 1291 moris,

137 1317 268 1394 cerasis,
292 1314 415 1390 cornis3
438 1313 514 1378 dein
534 1312 690 1401 nigrescit
710 1312 818 1390 moris,
842 1310 970 1390 cerasis,
992 1310 1096 1378 olivis.

178 1417 295 1484 XXV.
329 1417 381 1482 30.
417 1412 530 1481 Cerasi
557 1424 632 1479 ante
659 1413 827 1480 victoriam
847 1412 1104 1479 Mithridaticam
1127 1412 1175 1479 L.
1202 1414 1337 1481 lau-1⁰2

137 1521 212 1586 culli
234 1542 299 1584 non
319 1518 408 1583 fuere
428 1517 464 1580 in
477 1515 573 1581 Italia
594 1517 636 1580 ad
657 1515 747 1580 urbis
769 1538 889 1581 cunum
902 1536 1047 1580 cccxxx.
1069 1513 1108 1580 Is
1122 1517 1280 1600 primum

137 1622 226 1687 vexit
252 1643 270 1686 e
294 1619 401 1684 Ponto
427 1617 582 1701 annisque
610 1639 678 1683 cxx
707 1627 795 1682 tram
821 1639 975 1683 oceanum
999 1616 1035 1681 in
1060 1615 1279 1685 Britanniam

137 1743 241 1805 usque
255 1742 432 1806 pervenere
439 1744 449 1796 ;
471 1720 593 1797 eadem,
615 1730 653 1783 ut
674 1718 825 1797 diximus,
847 1718 883 1784 in
896 1717 1052 1806 Aegypto
1072 1719 1169 1785 nulla
1194 1743 1279 1787 cura

137 1833 271 1910 potuere
292 1821 394 1911 gigni.
418 1818 613 1887 Gerasorum
627 1819 816 1906 Aproniana
829 1841 979 1886 maxume
999 1819 1130 1899 rubent,
1154 1821 1278 1910 niger-

138 1922 220 1989 rima
240 1935 316 1989 sunt
329 1923 472 2001 Lutetia,
496 1920 679 1988 Caeciliana
699 1944 776 1988 vero
799 1930 831 1987 et
851 1921 997 1987 rotunda
1019 1919 1171 1987 Iunianis
1192 1945 1276 2012 gra-
1291 1935 1336 1979 loa

139 2035 191 2091 tus
215 2048 310 2110 sapor
332 2024 390 2091 sed
410 2045 513 2109 paene
536 2033 660 2088 tantum
683 2021 743 2088 sub
765 2022 878 2088 arbore
901 2044 969 2099 sua,
991 2021 1073 2085 adeo
1090 2025 1225 2090 teneris
1238 2037 1279 2091 ut

139 2135 299 2213 gestatum
319 2148 383 2191 nou
405 2125 550 2190 tolerent
587 2123 794 2210 Principctus
821 2122 983 2188 duracinis
1010 2143 1092 2205 quae
1115 2122 1279 2193 Pliniana

139 2327 246 2394 Rheni
252 2353 261 2405 3
285 2329 397 2394 tertius
418 2327 469 2392 his
491 2328 577 2394 colos
599 2350 617 2393 e
638 2328 731 2415 nigro
751 2349 789 2393 ac
809 2327 936 2393 rubenti
957 2325 1127 2409 viridique,
1153 2328 1278 2396 similis

138 2429 426 2497 maturescentibus
441 2449 578 2515 semper.
600 2427 715 2495 Minus
730 2426 982 2513 quinquennium
995 2436 1045 2491 est
1058 2428 1151 2510 quod
1165 2433 1276 2515 prod.
1292 2442 1339 2487 roe

138 2532 205 2597 iere
228 2554 310 2616 quae
332 2540 451 2596 vocant
470 2529 590 2608 laurea,
620 2552 686 2596 non
712 2531 858 2616 ingratae
885 2525 1119 2607 amaritudinis,
1149 2529 1278 2600 insitae

139 2633 173 2697 in
198 2635 299 2697 lauro.
335 2629 421 2697 Sunt
449 2641 482 2696 et
502 2630 713 2696 Macedonica
738 2652 859 2716 parvae
887 2628 1009 2694 arboris
1036 2650 1179 2714 raroque
1209 2635 1280 2699 tria

139 2732 247 2796 cubita
268 2732 463 2809 excedentis,
487 2741 520 2795 et
540 2732 663 2796 minore
685 2731 861 2796 etiamnum
882 2730 998 2796 frutice
1017 2730 1277 2800 chamaecerasi.

139 2831 229 2895 Inter
256 2831 361 2918 prima
387 2832 450 2897 hoc
477 2855 495 2897 e
522 2832 626 2918 pomis
661 2832 773 2897 colono
806 2831 942 2918 gratiam
974 2854 1113 2895 annuam
1147 2835 1260 2902 refert
1267 2862 1279 2914 ;

141 2933 354 3019 septentrione
375 2933 568 3020 frigidisque
588 2934 721 3022 gaudet,
744 2933 882 3000 siccatur
904 2933 1001 2998 etiam
1016 2934 1082 2999 sole
1097 2937 1277 3004 conditur-

141 3056 204 3120 que
224 3044 262 3099 ut
283 3035 367 3102 oliva
389 3034 486 3101 cadis.

175 3223 270 3273 heredes
285 3225 406 3289 abnerque,
424 3228 448 3276 d.
467 3266 499 3277 ..
522 3225 654 3288 erficere,
672 3228 718 3276 ad.
746 3228 866 3278 Ceterum
878 3214 948 3278 ¹haec
963 3229 1040 3277 rerba
1054 3229 1279 3291 praecedentibus

141 3294 253 3342 annectit
269 3293 337 3343 Pint.
356 3334 388 3343 -
411 3292 513 3354 calaad.
532 3292 648 3354 uthica.
667 3334 698 3344 -
724 3301 838 3358 totaeque,
850 3312 870 3345 r.
888 3335 920 3345 ..
938 3296 1065 3357 curce‚a².
1078 3334 1110 3344 ..
1127 3293 1174 3356 lis,
1187 3312 1213 3346 a.
1235 3299 1280 3360 iia,

142 3354 215 3424 dssr.
234 3400 266 3409 ..
281 3376 360 3423 parvo
373 3359 458 3409 lumine
470 3357 531 3424 liqna·
540 3367 582 3422 eat,
595 3363 618 3410 d.
637 3359 733 3425 liquam,
745 3363 834 3413 Dulce.

175 3444 260 3504 §lou
278 3441 337 3504 alia,
349 3459 371 3492 a
391 3483 422 3492 .-
441 3442 516 3505 cala,
529 3460 552 3493 a.
571 3485 603 3494 ..
621 3443 760 3507 etiamnunc,
772 3463 796 3497 a.
814 3487 846 3496 -
864 3446 959 3510 atsere,
970 3446 1061 3496 Delec-
1078 3485 1109 3493 -
1131 3441 1224 3509 eticae,
1237 3448 1279 3500 D.

141 3507 213 3570 oliva,
228 3502 278 3559 Oa.
297 3509 373 3572 olivis,
385 3507 458 3575 dssr.
476 3551 508 3561 ..
528 3509 665 3574 lauri,Da.
684 3510 768 3575 lauria
780 3509 852 3578 ᾱβν.
871 3555 903 3564 ..
921 3511 984 3575 dein,
996 3515 1040 3564 ad
1059 3509 1150 3574 caah,
1162 3508 1218 3578 βγ.

175 3591 190 3653 §
204 3598 262 3643 102.
278 3591 356 3642 Italic
367 3592 438 3646 cd...
444 3594 473 3644 Is
481 3594 593 3659 primurn,
605 3598 650 3646 ad.
667 3594 752 3647 Italic.
773 3595 880 3648 ald-ie
887 3597 998 3662 primm,
1010 3593 1040 3659 β.
1061 3594 1106 3646 Ac
1115 3596 1186 3645 urbia
1197 3615 1277 3662 anne,

141 3677 154 3710 r
165 3659 267 3722 (Ambr.
279 3661 301 3711 1.
313 3658 362 3724 11.)
381 3703 413 3712 ...
430 3660 537 3711 Eaedem
552 3670 578 3712 at
593 3661 643 3713 dic.
652 3665 793 3728 perepn’nee
804 3665 829 3714 in
840 3664 958 3731 Aepyptu
969 3666 1058 3716 Dalec.
1081 3664 1207 3715 Ceterum
1219 3667 1277 3716 iam

141 3728 210 3778 idem
226 3729 315 3780 Delec.
332 3738 400 3780 recte
417 3738 503 3781 monet
519 3746 646 3794 nusquam
661 3733 774 3782 Plinium
792 3733 868 3783 huius
885 3734 923 3783 rei
939 3735 1096 3783 mentionem
1111 3731 1222 3795 fecisse,
1248 3742 1278 3784 et

143 3811 219 3858 quern
230 3797 377 3848 Hardninus
386 3799 437 3848 huc
449 3797 525 3849 refert
536 3800 623 3848 locum
637 3804 676 3860 la,
690 3803 740 3861 69,
752 3815 810 3850 cnm
822 3815 905 3865 perse
916 3801 982 3850 nihil
993 3802 1090 3864 probet,
1108 3814 1123 3848 e
1135 3803 1280 3852 codicibus

142 3875 210 3913 nunc
227 3865 263 3914 ita
280 3874 318 3915 est
333 3867 476 3928 restitutus,
493 3874 522 3915 ut
539 3865 623 3917 afferri
639 3867 667 3916 in
684 3868 751 3917 hanc
768 3883 821 3918 rem
837 3883 941 3933 prorsus
957 3883 1011 3918 non
1028 3874 1118 3931 queat3
1135 3868 1201 3918 hinc
1217 3869 1277 3920 Pli-

143 3931 214 3980 nium
226 3940 270 3982 aut
287 3935 424 3982 memoriae
441 3935 528 3998 lapsus
545 3949 650 3996 arguero
661 3942 706 3984 ant
721 3936 841 3986 lacunam
853 3937 989 4000 superioris
1001 3936 1108 3986 alicuius
1120 3935 1175 3985 loci
1188 3952 1277 4001 agno-

144 4012 213 4047 scere
230 4001 357 4050 debsmns.
377 4042 408 4050 -
426 3999 536 4062 Lutetia,
553 4002 628 4051 codd.
640 4002 718 4053 Hard.
743 4010 768 4050 ct
784 4002 844 4065 atie,
861 4006 885 4053 d.
908 4011 935 4052 ut
951 4003 1040 4065 actiae,
1052 4005 1089 4053 a¹.
1113 4010 1141 4052 ut
1151 4005 1233 4068 acue,
1245 4008 1279 4056 a²

144 4061 247 4125 (Ambr.
259 4067 280 4116 1.
292 4065 341 4129 11.)
353 4062 382 4128 β.
402 4109 433 4118 ..
454 4066 561 4131 deliaca,
574 4070 597 4118 d.

179 4133 263 4209 §loa
282 4147 398 4213 lucreris,
410 4168 429 4203 r.
453 4151 576 4214 lucianus,
593 4170 616 4202 a.
647 4153 770 4216 thamnas,
785 4148 836 4204 dd.
867 4153 982 4215 Viviam'a
993 4155 1083 4206 Ambr.
1096 4153 1132 4205 H.
1154 4153 1280 4220 Iulianis,

145 4214 233 4265 Ambr.
247 4216 268 4265 1.
279 4211 308 4277 β.
329 4257 359 4266 ..
375 4234 442 4282 pene,
455 4237 478 4271 a.
498 4262 528 4272 -
548 4219 598 4284 deo,
616 4237 638 4272 a
658 4259 690 4273 -
704 4221 775 4285 piris,
791 4239 814 4273 a
833 4262 864 4272 ..
883 4220 969 4285 Rheni,
985 4224 1009 4274 d.
1032 4220 1115 4273 ctat
1129 4223 1204 4286 terni,
1223 4220 1278 4277 Oa.
