2896 4800
382 289 452 335 mn.
469 288 547 334 vur.
577 286 656 334 err.
671 286 746 334 xvi.
761 284 849 335 xvrr.
871 284 975 336 'saca
992 288 1024 332 a.
1227 273 1268 337 87

92 392 95 397 Ι
147 450 238 506 ctura
265 460 376 506 casum
392 439 488 504 ¹hune
518 447 656 504 testatur
683 435 868 522 Syracusis.
911 432 1017 505 Simili
1040 440 1148 505 modo
1174 438 1269 525 Elpis

37 588 46 601 .
147 538 276 608 Samius
302 541 433 608 natione
460 541 494 604 in
515 538 659 605 Africam
687 539 815 605 delatus
839 561 938 617 nave,
971 536 1062 605 iuxta
1086 541 1163 607 litus
1189 560 1267 607 cont

143 654 258 730 specto
283 645 377 710 leone
403 640 509 707 hiatu.
525 641 657 720 minaci,
691 641 839 708 arborem
870 641 905 731 in
933 641 1018 727 fuga·
1040 642 1122 726 petit
1146 642 1267 709 Libero

145 756 239 831 patre
261 745 428 823 invocate,
451 745 601 828 quoniam
627 754 696 810 tum
724 743 918 829 praecipuus
939 752 1087 809 votorum
1106 744 1197 811 luctu
1218 756 1269 821 est

146 868 220 913 cum
240 848 315 934 spei-
330 847 439 913 nullus
461 856 529 921 est3
556 867 660 930 neque
681 845 890 932 profugienti,
913 866 987 910 cum
1007 843 1176 930 potuisset,
1199 842 1268 909 fera
1282 860 1313 905 57

143 948 305 1014 institerat
325 959 360 1014 et
379 947 593 1034 procumbens
614 947 654 1012 ad
677 947 824 1013 arborem
844 946 944 1011 hiatu·
955 968 1020 1032 quo
1036 956 1194 1012 terruerat
1206 946 1267 1009 nri-

145 1052 339 1117 serationem
358 1044 545 1135 qneerebat.
569 1047 619 1115 Os
639 1070 750 1114 morsu
766 1048 908 1115 avidiore
921 1046 1104 1115 inhaeserat
1117 1046 1268 1112 dentibus

144 1152 373 1235 cruciabatque
400 1149 526 1228 inedia,
552 1159 627 1241 prm
652 1170 759 1236 poeno
785 1150 821 1215 in
848 1150 929 1236 ipsis
955 1150 1031 1216 eius·
1055 1149 1126 1215 telis
1153 1168 1268 1235 suspe-

120 1280 123 1285 ·
143 1248 285 1317 stantem
306 1273 345 1318 ac
365 1251 454 1318 velut
468 1251 569 1318 mutis
581 1251 733 1338 precibus
745 1260 901 1330 amntem,
924 1253 1003 1317 dnm
1015 1250 1152 1318 fortuitu
1165 1250 1269 1323 fidens
1294 1271 1311 1281 ·

143 1372 208 1419 nen
228 1362 279 1417 est
299 1363 411 1420 conca
430 1353 549 1431 feram
570 1355 735 1439 multoque
755 1353 878 1418 diutim
897 1354 1053 1420 miraculo
1065 1374 1164 1440 qaam
1177 1360 1268 1417 metu

43 1497 47 1503 -
143 1464 303 1525 cessatum
329 1465 389 1521 ast.
406 1500 408 1505 -
425 1453 612 1544 Degressus
639 1455 770 1521 tandem
790 1455 899 1521 evellit
925 1454 1095 1541 praebenti
1114 1464 1149 1519 et
1169 1472 1267 1539 quam
1282 1469 1314 1514 ee

141 1572 291 1622 maxume
311 1578 395 1642 opus
416 1550 503 1623 esset
522 1555 792 1633 adcommodanti,
820 1557 1014 1642 uaduntque
1032 1555 1188 1641 quamdiu
1202 1578 1261 1622 na·
1333 1624 1338 1635 ,

141 1656 190 1721 vis
211 1678 251 1723 ea
269 1657 419 1728 inlitora
440 1658 568 1725 steterit
587 1658 736 1746 retulisse
757 1659 899 1745 gratiam
912 1668 1051 1725 venatus
1069 1658 1267 1744 adgerendo.

137 1755 219 1839 Qua
235 1759 280 1827 de
295 1780 396 1827 causa
409 1759 530 1826 Libero
551 1760 636 1845 patri
657 1756 814 1846 tempium
835 1760 870 1824 in
884 1757 983 1825 Samo
997 1758 1092 1845 Elpia
1115 1760 1267 1838 sacravit,

141 1861 228 1943 qnod
249 1861 290 1928 ab
313 1882 353 1929 eo
373 1863 459 1929 facto
473 1859 593 1928 Graeci
614 1861 777 1946 κεχηνότος
791 1860 938 1926 Διονύσου
959 1861 1172 1947 appellavere.
1200 1861 1266 1926 Mi-

140 1984 250 2027 remur
265 1972 384 2050 ·pustea
405 1963 545 2048 vestigia
565 1963 730 2029 hominurn
754 1962 941 2050 intellegis
962 1963 1050 2043 feris,
1073 1985 1147 2029 cum
1169 1964 1267 2035 etiam

91 2106 95 2113 -
116 2063 259 2130 ··soxiua
273 2066 336 2131 ³ab·
355 2086 421 2131 uno
446 2064 631 2130 animalium
658 2066 813 2151 sperent?
848 2060 918 2129 Cur
946 2065 1032 2131 enim
1052 2086 1118 2131 non
1138 2064 1182 2129 ad
1203 2064 1267 2128 clia

136 2164 217 2244 iere,
237 2176 297 2230 eut
315 2165 403 2229 unde
424 2165 567 2229 medicas
587 2182 704 2229 manns
724 2164 862 2229 heminis
884 2166 1012 2230 sciunt?
1033 2165 1096 2229 nisi
1114 2167 1197 2230 forte
1216 2165 1266 2228 vis

137 2265 296 2329 malorum
318 2265 414 2329 etiam
435 2264 521 2327 ieras
543 2264 653 2329 omnia
669 2262 810 2361 erperiri
830 2264 940 2349 cogit·
1053 2256 1056 2263 ’

180 2363 297 2431 XVII.
325 2363 442 2446 Aeque
462 2363 706 2429 memorandum
726 2372 762 2429 et
782 2363 823 2431 de
843 2363 1001 2450 panthera
1024 2364 1122 2431 tradit
1140 2360 1264 2431 Deme·-
1280 2381 1311 2425 aa

139 2460 220 2532 ttius
244 2463 414 2552 physicus,
448 2465 607 2532 iacentem
640 2466 676 2531 in
697 2464 816 2532 media
852 2466 906 2531 via
933 2466 1070 2533 hominis
1102 2464 1264 2533 desiderio

135 2579 269 2654 repente
297 2560 487 2654 adparuisse
513 2567 599 2655 petri
627 2560 793 2641 cuiusdam
820 2567 942 2635 Philini
970 2570 1180 2637 adsectatoris
1208 2592 1261 2635 sa-

44 2732 47 2737 .
114 2668 291 2752 pientiae,
320 2668 413 2769 illum
436 2692 573 2758 pavore·
587 2671 733 2757 coepisse
758 2670 904 2759 regredi,
936 2681 1041 2739 tamen
1069 2677 1170 2739 feram
1197 2671 1260 2736 cir-

135 2771 346 2867 cumvolutari
378 2792 444 2838 nen
475 2772 576 2840 dubie
607 2772 825 2840 blandientem
858 2794 993 2860 seseque
1022 2773 1260 2841 conflictantem

124 2892 301 2976 cuicumque
311 2910 394 2961 inedie
405 2896 496 2963 tamma
507 2906 621 2978 wantum
629 2918 710 2978 poeria
720 2913 746 2962 ia
757 2912 817 2978 ipsa
827 2912 878 2962 eius
890 2912 942 2963 tellis
952 2872 1261 2978 respectantes-orantem

73 3002 75 3007 ·
135 2975 212 3041 um,
220 2979 332 3042 feralius
339 2978 424 3042 fidae
438 2979 552 3042 diffidato
567 2996 614 3030 mu
627 2988 689 3030 esset
702 2988 786 3030 conta
793 2981 887 3045 scara.
907 2984 962 3032 Leo
978 2984 1070 3045 igitir,
1086 2996 1164 3045 quem
1178 2996 1260 3047 aeque

135 3044 220 3095 inedia
230 3061 260 3095 ac
271 3048 382 3108 pocnai.
394 3063 417 3096 e.
430 3049 503 3098 dolor
518 3049 680 3110 gravissimus
696 3063 805 3113 eumque
821 3049 854 3099 ob
869 3049 975 3099 nimiam
990 3051 1137 3098 aviditatem
1152 3051 1260 3112 puniens

135 3111 207 3174 isque
221 3113 301 3174 ipsius
316 3113 371 3164 eius
382 3115 440 3165 telis
451 3115 468 3164 i.
483 3130 505 3164 e.
518 3117 635 3165 dentibus
646 3116 758 3165 insidens
770 3116 905 3177 cruciabat,
917 3118 951 3164 ad
962 3117 1079 3166 arborem
1090 3118 1259 3178 procumbens

134 3179 295 3242 suspectabat
306 3187 333 3230 et
343 3181 419 3231 illum
430 3196 464 3232 se
476 3182 555 3246 Illpin
566 3182 637 3233 velut
647 3183 724 3232 mutis
731 3183 848 3245 precibus
860 3184 956 3244 orabat,
967 3198 1009 3245 ne,
1017 3197 1076 3232 cam
1085 3182 1197 3233 lortrdds
1208 3184 1226 3234 i.
1236 3199 1257 3234 c.

133 3260 262 3297 ramorum
274 3248 381 3311 arboris,
399 3251 440 3300 cui
448 3250 581 3319 insidebat,
594 3249 709 3300 firmitati
721 3251 817 3314 fideret,
829 3250 951 3301 diffidens
965 3249 1258 3313 marmannorum,

133 3314 331 3368 eui'sententiae
345 3319 423 3369 verba
437 3318 524 3369 statim
542 3317 677 3382 mouentia
695 3319 793 3382 optimc
813 3326 979 3383 congruunt,
992 3319 1084 3384 qulbus
1104 3319 1259 3382 dgnificatnr

132 3382 210 3445 Elpia
224 3384 344 3435 dducam
358 3385 427 3438 ferse
442 3401 526 3453 neque
540 3393 639 3438 metum
654 3386 769 3438 senense
794 3388 951 3440 Mutationes
965 3396 1068 3439 norbae
1086 3382 1122 3438 ex
1131 3386 1255 3438 'codicum

62 3476 68 3488 ·
132 3451 257 3513 scriptura
266 3466 355 3504 amnes
366 3460 514 3519 sequuntur,
525 3470 585 3506 cum
595 3456 648 3506 sint
657 3455 830 3507 restimtiones
841 3457 994 3518 litterarum,
1009 3471 1075 3520 quae
1092 3458 1126 3507 ob
1139 3455 1255 3506 dcinita-

133 3523 185 3564 tem
196 3518 287 3568 similis
298 3527 343 3569 ant
354 3522 466 3572 ciusdem
476 3525 546 3574 vocis
557 3523 686 3585 facillime,
698 3531 728 3574 ut
739 3525 775 3585 fit,
787 3525 942 3576 exciderant.
964 3523 1022 3575 Noa
1038 3539 1084 3589 pro
1100 3538 1130 3576 aa
1144 3524 1257 3586 positum

132 3582 262 3632 vindicant
272 3594 304 3634 ea
315 3600 381 3647 qnae
391 3589 512 3640 dixerunt
520 3590 616 3655 Reisig.
628 3590 721 3641 scholi,
733 3606 840 3654 gramm
851 3593 909 3642 Lat.
920 3606 946 3656 p.
957 3595 1014 3642 58⁷.
1027 3598 1088 3640 amn·
1097 3598 1160 3640 nota
1167 3588 1258 3639 Haesit

132 3650 1256 3721 etHand.'I¹nrssll.4,264.s.;'deusupraepositicnisccatmv.11an‹l.11.p.lle,

133 3723 157 3768 6.
177 3758 209 3767 ..
226 3714 351 3781 modoque,
363 3670 545 3782 Ril'dOEobii
561 3721 641 3784 molto,
652 3719 704 3786 βγ.
1088 3752 1091 3759 -

165 3788 234 3850 958.
251 3784 332 3850 Aegre
343 3801 369 3834 os
382 3784 484 3848 tradem,
494 3787 563 3838 Pint.
582 3829 615 3836 -
633 3804 667 3851 eo,
679 3792 704 3840 d.
723 3830 754 3838 -
773 3789 806 3850 in,
818 3804 871 3839 cm.
883 3786 913 3851 β.
932 3830 964 3839 ..
981 3788 1052 3851 stetit,
1063 3789 1131 3840 Rob.
1149 3830 1181 3840 ..
1197 3804 1255 3853 pra.

133 3851 190 3902 dom
200 3852 315 3916 retulisse,
327 3855 351 3904 d.
370 3894 403 3903 -
420 3850 645 3919 apqeoadaltob.
673 3896 705 3905 -
730 3854 834 3919 prodat
845 3857 938 3919 effode,
950 3856 1020 3906 Pina
1044 3898 1075 3906 ..
1099 3853 1252 3925 κσχηνόως,

131 3923 205 3972 codd.
218 3921 277 3974 Gcl.
299 3937 331 3971 oe
340 3920 465 3986 structor,
477 3923 532 3974 Rd.
553 3920 702 3984 merear,
714 3924 746 3974 Τ.
767 3921 916 3986 acchaeus,
931 3924 958 3976 S.
981 3922 1108 3990 σωτῆροζ
1122 3923 1203 3986 ναὸν,
1220 3928 1253 3977 K.

130 3986 277 4039 &simtu
287 3991 328 4040 vel
339 3989 487 4040 Anienem
498 4004 564 4052 neca,
575 3991 644 4057 Pint.
658 4030 690 4039 ..
707 3987 849 4053 Διονύσου,
863 3993 937 4043 codd.
947 3992 1003 4046 Gal.
1021 3993 1171 4060 nummu.
1189 3993 1252 4043 Dio.

90 4054 102 4077 ⁸
123 4055 195 4184 prisii,
205 4058 245 4176 1Ξὺ
254 4057 359 4123 Dicntbt',
371 4061 401 4112 Τ.
424 4100 458 4110 ..
480 4056 651 4122 Nemiremur,
665 4051 694 4109 θ.
718 4100 749 4110 ...
773 4057 956 4124 Ιιονηὺιιὲς,ΒοΙ).
970 4092 1006 4113 ..-
1028 4062 1132 4127 t’erc,d².
1143 4063 1251 4126 ferali.

142 4138 204 4185 eae,
246 4162 254 4176 .

162 4189 244 4313 §apo
244 4192 360 4326 popidis
373 4197 397 4249 d.
408 4228 447 4250 -..
470 4196 637 4265 reputatalt.
665 4236 697 4250 ..
724 4195 897 4263 amesseae,
911 4201 934 4252 d.
963 4200 1154 4265 remanseran.
1165 4199 1251 4262 feram

130 4273 192 4323 vero,
262 4298 268 4314 .
305 4277 330 4329 y.
1113 4302 1116 4307 .
