2896 4800
198 241 258 305 256
547 252 751 300 urrunnns
772 251 968 301 msrorunn

239 407 281 473 V.
303 409 333 470 4.
368 402 436 469 Sed
455 403 540 470 inter
562 405 668 469 omnia
689 427 728 469 ea
743 404 944 490 principatus
959 404 1073 490 apibus
1089 414 1123 469 et
1135 405 1206 471 iure
1220 428 1317 492 prae-
1334 427 1362 471 11

198 511 294 596 cipua
315 505 492 585 admiratio,
522 505 596 570 solis
618 528 660 571 ex
682 527 720 572 eo
742 527 861 591 genere
882 506 1046 572 hominum
1068 528 1166 571 causa
1186 509 1317 595 genitis.

198 611 298 676 Mella
319 607 508 675 contrahunt
529 629 707 691 sucumque
729 606 948 672 dulcissimum
962 617 1058 693 atque
1073 607 1318 676 subtilissimum

196 737 234 780 ac
262 708 516 786 saluberrimum,
550 709 641 773 savos
668 707 855 794 confingunt
881 719 913 772 et
940 730 1030 773 ceras
1056 708 1142 775 mille
1169 710 1212 775 sd
1238 735 1318 778 usus

195 817 292 894 vitae,
320 812 461 877 laborem
484 809 629 888 tolerant,
659 831 759 895 opera
780 808 962 886 conficiunt,
984 831 1052 873 rem
1073 811 1237 897 publicam
1257 814 1316 878 ha-

196 919 283 994 bent,
305 911 437 981 consilia
456 912 612 998 privatim¹
627 933 665 976 ac
687 911 788 976 duces
809 909 970 998 gregatim
991 921 1032 989 et,
1060 913 1148 996 quod
1168 936 1317 980 maxume

194 1019 312 1084 mirum
335 1014 386 1093 sit,
408 1035 513 1079 mores
534 1012 665 1079 habent.
698 1011 883 1088 Praeterea,
911 1034 984 1076 cum
1014 1011 1079 1076 sint
1099 1036 1204 1098 neque
1224 1031 1362 1082 man-12

197 1119 280 1188 sueti
309 1115 438 1206 generis
467 1136 570 1199 neque
598 1114 671 1191 feri,
702 1124 808 1177 tamen
837 1122 927 1177 tanta
948 1123 998 1178 est
1017 1125 1133 1179 natura
1152 1138 1261 1182 rerum
1280 1127 1318 1183 ut

195 1243 297 1310 prope
334 1241 375 1285 ex
407 1216 520 1282 umbra
557 1215 692 1280 minumi
724 1214 870 1279 animalis
902 1213 1142 1300 inconparabile
1174 1216 1318 1283 effecerit

195 1323 358 1411 quiddam.
392 1316 484 1399 Quos
512 1316 673 1383 efficaciae
700 1315 941 1398 industriaeque
970 1325 1079 1382 tantae
1106 1339 1316 1403 conparemus

195 1447 323 1502 nervos,
353 1442 434 1505 quas
461 1419 549 1497 viris,
581 1439 660 1502 quos
687 1417 801 1482 rationi
827 1417 953 1482 medius
981 1418 1078 1484 fidius
1100 1419 1206 1484 viros?
1241 1418 1317 1486 Hoc

195 1537 283 1592 certe
304 1519 600 1608 praestantioribus,
627 1540 691 1603 quo
718 1517 798 1581 nihil
817 1539 936 1583 novere
958 1518 1020 1583 nisi
1042 1541 1208 1586 conmune.
1241 1519 1317 1586 Non

196 1628 239 1692 sit
267 1627 307 1690 de
336 1623 441 1687 anirna
468 1619 623 1705 quaestio,
658 1629 783 1685 constet
805 1619 899 1684 etde
922 1619 1093 1707 sanguine3
1128 1620 1317 1705 quantulum

197 1738 304 1792 tamen
326 1745 397 1790 esse
418 1724 452 1787 in
475 1721 605 1787 tantulis
623 1719 744 1807 potest!
767 1719 995 1786 Aestumemus
1009 1732 1122 1808 postea
1140 1722 1314 1808 ingenium.

239 1828 300 1894 VI.
323 1829 353 1892 5.
375 1825 491 1889 Hieme
507 1824 688 1889 conduntur
702 1876 744 1887 ..
758 1822 846 1887 unde
861 1822 945 1888 enim
961 1823 1003 1887 ad
1021 1823 1154 1910 pruinas
1167 1821 1315 1906 nivisque
1331 1840 1362 1883 rs

196 1940 229 1996 st
239 1928 424 2014 aquilonum
434 1925 527 1990 flatus
538 1924 747 2012 perferendos
758 1923 922 2003 vireat,
932 1946 1008 1989 sane
1019 1934 1053 1990 et
1066 1925 1187 1991 insecta
1197 1925 1315 2004 omnia,

196 2032 254 2097 sed
274 2031 380 2094 minus
402 2027 475 2104 diu3
503 2049 586 2111 quae
607 2025 784 2113 parietibus
804 2025 922 2090 nostris
944 2026 1101 2092 occultata
1121 2036 1245 2091 mature
1267 2036 1315 2092 te-

195 2133 328 2220 pefiunt
361 2128 457 2195 Circa
489 2129 559 2215 apis
586 2138 642 2193 aut
669 2138 848 2213 temporum
874 2129 1058 2194 locorumve
1086 2127 1165 2193 ratio
1191 2137 1316 2192 mutata

196 2244 247 2301 est
267 2242 323 2299 aut
344 2241 531 2298 erraverunt
557 2230 691 2315 priores.
723 2227 917 2294 Condantur
938 2230 1178 2318 avergiliarum
1198 2250 1316 2294 occasu

179 2347 231 2403 'et
254 2337 355 2402 latent
380 2335 466 2399 ultra
492 2343 656 2410 exortum,
686 2331 766 2397 adeo
788 2352 853 2395 non
879 2331 921 2396 ad
942 2332 1185 2410 verisinitium,
1206 2341 1245 2396 ut
1266 2331 1316 2395 di-

195 2460 284 2514 xere,
306 2458 366 2500 nec
388 2435 558 2519 quisquam
579 2433 613 2498 in
634 2432 729 2497 Italia
750 2433 790 2498 de
812 2433 891 2498 alvis
906 2434 1089 2499 existumat.
1117 2434 1205 2499 Ante
1226 2431 1316 2497 fabas
1331 2446 1362 2489 14

194 2537 339 2603 florentis
360 2559 425 2601 non
446 2546 567 2601 exeunt
587 2535 630 2598 ad
651 2557 751 2619 opera
772 2544 806 2599 ct
826 2533 952 2601 labores
965 2537 1147 2621 nullusque,
1170 2559 1244 2601 cum
1257 2557 1317 2621 per

197 2640 320 2705 caelum
341 2636 441 2714 licuit,
464 2637 528 2702 otio
550 2637 636 2722 perit
656 2635 736 2699 dies.
758 2634 905 2702 Primum
927 2637 1020 2702 favos
1041 2646 1240 2716 construunt,
1263 2657 1316 2701 ce-

194 2763 265 2806 ram
285 2728 412 2828 fingunt
432 2737 493 2805 hoc
515 2748 564 2802 est
585 2737 696 2802 domos
718 2738 879 2823 cellasque
901 2738 1042 2817 faciunt3
1065 2739 1140 2804 dein
1161 2738 1315 2815 subolem,

196 2852 310 2928 postea
336 2841 439 2919 mella,
467 2862 573 2907 ceram
596 2861 637 2905 ex
656 2839 800 2919 floribus,
829 2840 1025 2927 melliginem
1053 2863 1071 2906 e
1097 2839 1238 2906 lacrimis
1264 2861 1316 2902 ar·

230 3032 244 3094 5
259 3040 298 3083 11.
316 3031 388 3095 mille,
400 3027 510 3084 RO'l'd.
527 3029 598 3091 Illae,
609 3028 639 3095 β.
658 3072 689 3081 -
708 3029 809 3094 labores,
822 3032 853 3082 Τ.
872 3072 903 3081 -
926 3029 1107 3097 rempublicam
1123 3045 1171 3095 pro
1187 3031 1240 3080 hac
1254 3043 1316 3078 voco

195 3102 292 3153 habent
303 3103 458 3166 sempeer.
477 3142 508 3151 -
527 3098 568 3160 od,
580 3102 611 3151 R.

229 3172 298 3234 §12
317 3178 401 3230 tamen,
414 3161 608 3219 ominaeos
634 3207 666 3218 ..
696 3174 793 3226 tontum,
806 3159 888 3216 Bou.
911 3207 943 3216 ..
970 3166 1171 3229 minimo,RTd.
1189 3206 1222 3215 -
1240 3166 1317 3214 incor-

192 3237 308 3303 porobr'lo,
320 3239 352 3288 Τ.
371 3278 402 3286 ..
422 3236 572 3294 tantos,Rd.
590 3276 623 3285 -
641 3227 863 3296 rotioue‚ROTd.
883 3275 914 3284 ..
932 3232 992 3283 ciris
1003 3235 1074 3298 ciros,
1086 3235 1117 3286 T.
1135 3274 1167 3284 ,.
1188 3241 1317 3296 praestan-

196 3305 273 3364 tiores,
285 3307 316 3355 Τ.
332 3302 524 3368 praestantioris,
537 3306 552 3353 d
564 3299 669 3363 (ultima
679 3304 706 3351 in
718 3299 826 3364 rasura.)

230 3375 245 3434 ξ
259 3377 297 3421 13.
313 3372 429 3434 perferre,
440 3371 495 3419 Rd.
514 3371 633 3420 Ceterum
644 3385 667 3418 r.
679 3370 786 3418 Aristot.
798 3369 856 3419 hist.
869 3370 945 3420 anim.
958 3377 982 3432 8,
997 3376 1036 3420 14.
1054 3408 1086 3417 ..
1103 3373 1201 3426 mature,
1214 3380 1264 3414 om.
1277 3366 1315 3415 d¹.

197 3479 229 3488 ..
248 3445 278 3499 et,
290 3439 384 3487 1³.le
402 3453 434 3498 se,
446 3438 491 3487 Rt
508 3434 557 3493 sed,
569 3431 618 3500 βγ.
638 3476 669 3485 ..
688 3452 737 3497 nec,
749 3438 859 3486 Tumcb.
873 3453 886 3487 e
899 3439 978 3490 libris.
995 3452 1030 3498 nc,
1041 3436 1122 3485 RTd.
1140 3448 1182 3484 nec
1193 3440 1228 3494 ot,
1239 3428 1269 3495 β.
1283 3474 1315 3483 -

196 3503 267 3568 alvis,
278 3506 362 3555 RTd.
381 3503 450 3565 alius,
466 3496 494 3553 θ.
513 3502 575 3563 aliis,
587 3520 606 3553 r.
625 3503 680 3562 illo,
691 3504 781 3554 Dalec.

231 3593 245 3656 5
260 3596 299 3642 14.
317 3606 369 3649 nor,
383 3589 464 3640 omitt.
477 3583 619 3640 Rdsrnr
630 3587 716 3652 (codd.
726 3587 852 3652 Turnebi)
860 3605 886 3655 γ.
897 3591 936 3640 At
944 3607 967 3641 v.
979 3597 1018 3652 18,
1031 3594 1088 3640 253.
1099 3588 1157 3638 coll.
1168 3586 1316 3640 Schneider.

196 3661 229 3710 nd
246 3659 347 3710 Colum.
364 3657 411 3708 IX.
430 3662 475 3717 14,
493 3660 516 3708 7.
541 3698 572 3707 -
593 3654 703 3708 Primum
711 3657 788 3722 savos
804 3659 849 3707 rel.
871 3660 943 3710 Haec
960 3659 1047 3709 omnia
1062 3666 1122 3708 sunt
1138 3658 1318 3718 desumptaex

196 3728 303 3779 Aristot.
316 3729 334 3778 l.
347 3728 364 3775 l.
379 3732 402 3788 5,
415 3732 455 3775 21.
468 3733 508 3776 22.
521 3734 547 3775 et
559 3731 582 3788 9,
595 3730 636 3776 40.
663 3767 695 3774 -
722 3723 852 3786 detaut,
878 3721 1033 3791 driadassr.
1062 3766 1093 3775 -
1119 3724 1263 3786 sucoa,Rd.
1284 3762 1316 3770 ..

164 3837 167 3843 .
197 3796 289 3858 cummi,
301 3797 337 3846 ita
347 3809 395 3845 nos
407 3795 551 3859 scripsimus
563 3794 625 3844 coll.
637 3796 670 3844 nd
682 3800 724 3856 ³2,
737 3796 777 3844 27.
795 3809 846 3842 cum
858 3792 903 3855 his,
916 3795 939 3842 d.
955 3792 1053 3858 qammr',
1064 3788 1143 3857 Rssr.

232 3882 246 3944 ᾖ
260 3886 299 3930 15.
317 3876 404 3941 alvum,
415 3878 469 3929 Rd.
487 3919 519 3928 ..
537 3877 622 3942 ipsam,
634 3879 688 3928 Rd.
706 3876 790 3941 ipsum,
801 3872 852 3941 βγ.
872 3916 903 3928 ..
923 3886 994 3927 totum
1005 3878 1065 3928 ferri
1076 3893 1135 3928 cum
1143 3881 1260 3938 nequeat,
1272 3881 1317 3921 sut

199 3953 271 3994 totam
283 3954 335 4006 aut,
346 3948 416 4010 quod
426 3947 491 3997 mihi
502 3948 583 3996 multo
594 3946 750 4011 probabilius
761 3947 867 4007 videtur,
879 3945 904 3994 in
916 3952 987 3994 totum
999 3947 1149 4009 legendum
1160 3957 1184 3992 v.
1196 3943 1229 3990 sd
1241 3946 1265 4001 2,
1275 3946 1317 3989 45.

200 4051 230 4060 -
249 4011 319 4075 surb,
330 4013 376 4064 12².
402 4015 536 4076 aaran.
563 4054 596 4064 -
622 4012 668 4074 his,
680 4014 760 4063 omitt
773 4013 842 4063 Tdr.
870 4052 902 4062 -
929 4009 991 4075 dein,
1003 4014 1085 4064 Bru
1112 4003 1265 4073 dandassr.
1283 4048 1315 4056 -

198 4079 396 4142 arctiorearint.
680 4123 693 4152 o

233 4166 248 4227 ξ
262 4170 301 4214 16.
319 4165 449 4225 commosin,
461 4167 535 4216 codd.
547 4166 627 4216 Hard.
644 4164 747 4226 ῖιηίςείη,
759 4166 791 4215 Β.
814 4163 946 4225 commuta,
956 4167 979 4214 d.
997 4163 1106 4226 wmosia,
1119 4166 1193 4214 codd.
1204 4161 1317 4213 Barbari.

199 4226 298 4280 κόνισιν
311 4231 418 4283 Aristot.
430 4233 477 4282 1.1.
492 4238 515 4294 9,
528 4239 568 4283 to.
581 4247 606 4295 p.
618 4231 685 4282 6111ὴ
693 4239 744 4294 el,
755 4232 800 4282 nbi
812 4233 855 4282 alii
866 4231 924 4282 libn'
934 4228 1048 4294 κώνησιν
1058 4228 1205 4283 stativom
1215 4230 1317 4282 habent.
