2896 4800
357 294 430 344 sm.
445 292 522 341 vm.
552 290 631 341 ose.
646 248 723 340 x'xr.
745 290 834 342 xxn.
864 289 963 339 suos.
978 292 1069 339 aas.
1234 276 1277 342 33

155 447 286 517 humani
313 446 454 535 generis,
486 444 634 521 omnibus
662 443 719 528 qui
743 442 854 509 oeulos
879 442 950 508 eius
975 442 1086 511 videre
1107 446 1278 513 confestim

155 548 403 637 exspirantibus.
831 578 834 587 ·
884 584 887 589 ·
1166 592 1169 597 -

197 652 251 717 33.
288 649 415 717 Eadem
453 657 488 715 et
523 647 666 713 basilisci
703 646 864 733 serpentis
900 655 967 711 est·
988 645 1048 711 vis.
1098 645 1279 733 Cyrenaica
1292 668 1323 718 te

155 753 241 819 huno
268 761 404 840 generat
428 747 609 836 provincis,
642 748 813 817 duodecim
846 768 912 813 non
939 746 1076 833 amplius
1103 748 1278 836 digitorum

155 853 386 940 magnitudine,
409 849 547 915 eandida
566 850 602 914 in
622 849 729 934 eapite
748 849 875 915 macula
894 858 932 913 ut
945 848 1087 933 quodam
1099 848 1280 920 diademate

155 955 327 1041 insignem.
361 950 465 1018 Sibilo
490 951 596 1016 omnis
619 951 713 1037 fugat
738 950 898 1035 serpentis
922 948 1092 1015 neodem
1111 951 1281 1040 multiplici

157 1065 195 1120 ut
220 1054 364 1138 reliquae
391 1073 510 1137 corpus
535 1050 661 1149 inpellit
687 1051 747 1117 sed
773 1051 877 1117 celsus
905 1060 939 1116 et
964 1061 1092 1117 erectus
1119 1053 1154 1117 in
1174 1054 1282 1121 medio

157 1156 329 1234 incedens3
351 1161 447 1220 necat
467 1152 599 1221 inutiees
619 1174 686 1221 non
705 1161 874 1219 contactos
892 1151 989 1218 modo
1009 1174 1121 1218 verum
1134 1163 1168 1219 et
1180 1154 1280 1220 adfla-

157 1268 219 1335 tos,
248 1256 358 1322 exurit
372 1254 506 1333 herbas,
535 1254 772 1340 rumpitsaxa3
802 1253 876 1319 telis
896 1254 946 1319 vis
966 1254 1051 1320 malo
1071 1265 1130 1321 est.
1163 1254 1281 1323 Credi·
1295 1272 1327 1322 ts

159 1368 229 1423 tum
250 1356 413 1442 quondam
434 1378 477 1421 es
499 1375 581 1439 equo
600 1355 743 1421 occisum
763 1355 857 1420 hasta
883 1365 917 1420 et
942 1376 1003 1440 per
1023 1360 1101 1421 'eam
1123 1356 1281 1426 subeunte

157 1459 191 1526 vi
212 1482 277 1526 non
297 1458 441 1544 equitem
459 1456 556 1525 modo
577 1457 637 1524 sed
658 1477 774 1542 equom
793 1478 924 1542 quoque
944 1455 1160 1544 absumptum
1190 1459 1282 1528 Huic

158 1561 215 1629 tali
235 1570 378 1629 monstro
397 1614 440 1627 .-
470 1580 568 1646 saepe
594 1558 681 1626 enim
702 1568 853 1625 enectum
873 1560 1088 1645 concupivere
1112 1583 1210 1649 reges
1231 1564 1280 1628 vi-

157 1662 234 1728 dere
259 1718 303 1728 -
335 1660 547 1728 mustelarum
576 1660 666 1726 virus
698 1660 798 1727 exitio
828 1669 894 1737 est3
931 1660 1013 1727 adeo
1039 1671 1174 1730 menae
1201 1663 1282 1730 nibil

158 1764 282 1848 placuit
303 1786 376 1830 esse
397 1763 467 1829 sine
488 1782 577 1848 pare.
608 1760 753 1827 misione
777 1761 836 1827 bas
858 1763 1005 1829 cavernis
1030 1764 1125 1828 facile
1144 1766 1283 1852 cognitis

159 1865 218 1931 soli
239 1865 332 1942 tabe;
354 1874 471 1933 necant
489 1863 564 1931 illae
584 1862 681 1929 simul
700 1863 811 1943 odore,
831 1863 1074 1949 moriunturque
1095 1876 1129 1931 et
1147 1877 1282 1934 naturae

160 1987 272 2053 pugna
292 1966 470 2032 conficitur.
700 2010 703 2015 -

199 2065 322 2133 XXII.
343 2069 396 2135 34.
431 2064 501 2133 Sed
525 2066 561 2132 in
584 2066 681 2145 Italia
707 2089 835 2153 quoque
862 2068 1005 2134 ereditur
1024 2068 1174 2155 luporum
1192 2071 1283 2136 visus
1295 2087 1329 2133 so

159 2191 231 2235 esse
252 2170 368 2235 noxius
395 2187 575 2251 vocemque
602 2167 724 2232 homini
751 2189 848 2251 quem
874 2167 1000 2250 priores
1028 2171 1285 2254 contemplentur

162 2270 304 2335 adimere
331 2268 375 2333 ad
400 2288 566 2355 praesens.
598 2265 717 2333 Inertis
743 2266 801 2331 hos
822 2288 1003 2352 parvosque
1024 2267 1140 2334 Africa
1160 2281 1194 2336 et
1213 2270 1283 2338 Ae-

165 2379 288 2455 gyptus
308 2369 458 2455 gignunt,
480 2386 615 2451 asperos
636 2366 801 2452 trucisque
822 2367 971 2457 frigidior
990 2370 1099 2458 plaga
1125 2371 1284 2441 Homines

162 2469 199 2534 in
218 2469 314 2556 lupos
334 2469 613 2554 verti-rursusque
632 2467 760 2535 restitui
781 2469 845 2537 sibi
863 2471 981 2538 falsum
1000 2494 1073 2539 esse
1087 2475 1285 2542 confidenter

161 2570 359 2639 existumare
390 2570 546 2639 debemus
577 2580 635 2638 aut
660 2570 792 2639 credere
818 2574 926 2640 omnia
951 2595 1037 2660 quae
1064 2576 1211 2645 fabulosa
1234 2588 1283 2646 tot

161 2821 194 2830 -
210 2784 321 2844 mactra,
332 2780 417 2834 RKd.
435 2789 543 2844 axius,
554 2783 584 2834 r¹
596 2779 690 2846 (Βοὴ.)
703 2781 808 2835 Om.r².
820 2825 852 2838 ..
865 2784 1011 2851 ooncspiere,
1023 2786 1055 2838 Τ.
1068 2827 1100 2837 -
1118 2802 1186 2855 repes
1196 2784 1283 2849 videre,

165 2849 191 2899 B
212 2846 298 2911 (codd.
320 2849 378 2903 est.
398 2858 425 2901 et
445 2850 566 2911 sumas,
586 2848 706 2914 Bobert.)
735 2849 816 2900 eides
844 2868 924 2918 repes,
949 2855 1003 2904 Τὰ.
1034 2893 1066 2904 ..
1097 2853 1193 2918 plectit
1214 2853 1283 2917 nait,

160 2917 226 2966 Rob.
252 2956 284 2966 -
306 2932 379 2979 pars,
389 2910 501 2968 ΒθΤᾶ.
526 2916 594 2981 pari,
604 2913 657 2980 βγ.
684 2957 718 2967 -
742 2916 862 2980 lodobar,
875 2921 891 2969 d
902 2922 915 2970 7
928 2917 1014 2979 (codd.
1030 2917 1101 2982 Gal.)
1126 2920 1283 2986 brefioirat,

160 2975 260 3035 BOTr
271 2980 356 3043 (codd.
368 2983 485 3043 Salmas,
496 2982 615 3045 Robert)
640 2982 780 3047 disertione,
795 2980 904 3036 Srilmas.
920 3002 1043 3050 perquam
1057 2990 1228 3052 probabiliter.
1249 3029 1282 3040 .-

162 3048 215 3108 tor,
225 3044 338 3098 ROTd.
362 3064 413 3109 eas,
425 3051 498 3101 codd.
511 3048 619 3100 Salmas.
630 3045 681 3113 βν.
707 3066 753 3111 eos,
764 3066 778 3100 r
788 3048 883 3114 (Βοὴ.)
908 3092 940 3102 ..
967 3052 1014 3102 soli
1023 3054 1083 3113 tote,
1095 3054 1181 3105 ΒΤιί1
1194 3054 1283 3117 (codd

155 3115 278 3175 Salmas,
286 3113 367 3175 Rob.)
383 3113 436 3163 solo
445 3116 505 3177 robe,
515 3116 544 3165 (1²
553 3114 642 3176 (codd.
652 3113 723 3178 (iel)
739 3115 810 3165 solito
817 3126 923 3180 meost,
935 3112 964 3169 θ.
974 3159 1006 3170 ..
1019 3118 1064 3183 illi,
1071 3120 1106 3171 K.
1117 3159 1149 3170 ..
1160 3120 1284 3171 maloc-

162 3180 238 3230 turclr'
245 3179 322 3242 odore,
331 3182 365 3232 K.
374 3221 406 3231 ..
416 3181 588 3245 meritamque
595 3189 704 3243 umorue,
713 3184 746 3232 K.
763 3183 915 3247 elperitaras
925 3193 1034 3249 estmoe,
1043 3203 1063 3236 r.
1072 3228 1104 3237 -
1111 3202 1218 3253 puppem
1229 3204 1284 3239 oms·

72 3308 77 3313 ¹
154 3247 253 3312 ficiunt,
265 3250 331 3300 Rob.
344 3264 452 3314 puppam
467 3247 592 3311 conficies!
607 3247 783 3313 morienturque
799 3258 823 3299 st
833 3248 973 3302 interituros
983 3269 1091 3319 pappam
1106 3255 1239 3320 oopficisrt
1249 3258 1283 3309 K.

160 3318 246 3369 Missis
257 3318 299 3368 his
310 3316 393 3369 foedis
405 3317 643 3383 interpolationibus
654 3332 715 3368 sane
725 3318 811 3369 locum
823 3322 917 3371 mendo
933 3321 1050 3374 laborare
1065 3324 1183 3388 arbitror,
1195 3338 1284 3390 qoam·

160 3386 199 3436 vis
209 3386 306 3436 nemini
317 3386 500 3438 animadverso.
517 3386 623 3438 Scilicet
633 3386 737 3450 quinam
748 3389 852 3439 omos?
869 3391 1045 3442 Mustelaenel
1063 3392 1101 3443 At
1113 3400 1169 3443 tum
1181 3394 1284 3459 ineptis·

161 3454 224 3503 sime
235 3454 336 3503 additur
346 3451 488 3515 armotcum
498 3468 551 3505 uno
562 3456 640 3504 odore
651 3469 734 3519 neque
742 3456 793 3506 ulia
800 3472 828 3507 re
839 3459 963 3509 mustelae
971 3460 1116 3510 basiliscum
1125 3462 1284 3511 interficiant.

161 3520 207 3567 An
220 3519 348 3569 basilisci?
365 3521 406 3571 Ea
421 3519 469 3570 fnit
483 3521 611 3571 Hardnini
627 3524 765 3582 sententis,
780 3525 825 3586 qui
842 3527 996 3590 serpentium
1007 3542 1103 3577 nomen
1118 3529 1198 3575 modo
1209 3528 1285 3587 virili,

162 3586 239 3632 modo
250 3586 368 3635 muliebri
379 3601 444 3635 sexu
455 3586 537 3639 efferri
549 3589 618 3649 dicit,
629 3602 661 3638 ea
670 3591 732 3639 item
743 3591 826 3652 illius,
842 3594 887 3654 qui
902 3608 950 3656 pro
966 3592 1024 3641 illos
1034 3593 1135 3655 scripsit
1146 3591 1185 3642 illi
1194 3590 1230 3654 (r.
1242 3607 1285 3642 su·

161 3646 229 3714 pra)
246 3649 284 3699 At
299 3653 429 3712 quomodo
443 3652 554 3703 basilisci
568 3652 639 3702 odore
649 3670 741 3706 necare
757 3658 807 3706 diei
817 3666 938 3720 possunt,
949 3659 1096 3721 praesertim
1115 3672 1174 3706 cnm
1185 3659 1222 3707 ita
1231 3672 1285 3709 non

163 3718 195 3767 de
202 3715 334 3776 basiliscis,
344 3716 390 3767 sed
397 3717 430 3767 ds
437 3719 552 3768 mustelis
562 3722 684 3772 necandis
695 3723 721 3771 ὴ.
729 3723 749 3773 l.
758 3737 840 3772 sermo
853 3725 903 3774 sitt
915 3725 1015 3774 Deinde
1023 3725 1229 3787 quamlanguide
1239 3728 1285 3778 ad·

161 3784 380 3842 nimionimio,
393 3784 438 3833 ubi
450 3785 533 3835 denuo
545 3785 668 3836 incertum
680 3796 727 3848 est,
739 3789 771 3837 ds
781 3789 862 3839 utrius
877 3798 959 3839 morte
975 3790 1085 3839 dicatur!
1103 3790 1228 3845 Omnibus
1243 3794 1285 3847 his

162 3850 356 3903 difficultatibus
373 3851 472 3901 occurri
482 3858 568 3915 potest
579 3852 709 3903 levissimo
723 3855 776 3904 sive
787 3856 874 3918 potius
889 3856 1128 3917 transmutatione,
1144 3860 1284 3915 dummodo

162 3920 296 3971 sonbator:
307 3925 394 3969 necant
404 3916 476 3967 odore
487 3917 661 3981 monesque
672 3918 730 3968 illue
739 3919 811 3969 sicul
820 3928 844 3968 er
853 3937 877 3971 n.
883 3938 909 3986 p.
919 3939 939 3972 c.
956 3924 1101 3976 Pronomen
1112 3924 1170 3978 illos
1179 3931 1285 3984 minime

163 3994 202 4037 est
212 3989 331 4049 otiosum,
343 4002 400 4037 curn
413 3987 561 4037 basiliscum
576 4000 680 4051 quoqne
694 3988 780 4038 necari
791 3988 859 4038 dicat
869 3991 949 4053 Plin.;
965 4000 992 4043 et
1001 3995 1152 4057 pronomina
1162 3995 1285 4050 lob-sile

163 4055 189 4104 b.
200 4055 219 4105 1.
230 4058 321 4107 eodem
332 4057 410 4105 modo
422 4056 456 4104 ud
467 4069 546 4105 unum
558 4055 699 4105 subiectum
709 4055 860 4117 referuntur,
870 4059 908 4108 uti
919 4075 988 4111 nune
998 4065 1039 4122 37,
1053 4066 1110 4114 177.

195 4123 210 4184 5
223 4129 262 4173 80.
281 4120 476 4186 contenplcntur,
488 4122 550 4179 TK.
568 4122 622 4173 Sua
632 4122 692 4173 hine
704 4125 841 4189 sumpsisse
855 4127 955 4178 ridetur
971 4130 1064 4181 Sextus
1080 4132 1201 4184 Placidus
1214 4139 1238 4197 7,
1250 4141 1284 4196 3.,

164 4191 271 4251 sumpsit
281 4190 362 4243 Solin-
375 4197 400 4255 s,
411 4197 452 4241 et.
471 4230 503 4241 ..
521 4206 655 4254 rursusque,
667 4185 776 4243 Bone.
795 4208 943 4261 rursumque,
953 4191 1005 4264 βγ.
1023 4238 1055 4250 ..
1073 4214 1123 4249 esse
1133 4199 1284 4265 mrfidsoter,
