2896 4800
322 295 393 343 nni.
408 296 457 343 xi.
487 293 565 342 cnr.
581 293 812 342 XLVI-XLIX.
843 291 942 342 saon.
960 295 1076 343 ros-roo.
1195 277 1257 344 321

140 459 245 514 tomus
266 448 301 513 in
320 446 458 523 muscis3
487 468 571 532 quae
593 469 635 513 ex
654 445 706 512 his
727 445 918 513 novissimos
939 445 1058 514 habent
1077 446 1191 537 longos
1206 470 1258 514 sa·

138 552 231 630 liunt,
258 560 296 615 ut
315 550 469 615 locustae.
503 545 664 614 Omnibus
686 558 795 613 autem
821 546 873 613 his
900 547 969 613 seni
990 547 1090 634 pedes
1097 572 1106 624 3
1134 549 1260 616 araneis

138 650 332 737 quibusdam
352 649 518 737 praelongi
534 649 692 716 accedunt
705 648 788 727 bini3
811 648 993 715 internodia
1006 648 1142 736 singulis
1160 659 1259 716 terna.

138 751 283 819 Octonos
305 762 338 816 et
358 751 490 816 marinis
512 773 583 816 esse
605 750 760 828 diximus,
787 749 927 837 polypis,
957 749 1085 837 saepiis,
1112 749 1259 837 lolligini,

138 853 262 934 cancris
283 851 340 936 qui
360 849 509 916 bracchia
534 850 568 915 in
596 851 790 916 contrarium
817 860 949 916 movent
974 853 1074 937 pedes
1094 852 1130 916 in
1150 850 1261 917 orbem

138 953 256 1018 autin
282 952 459 1038 obliquom3
491 951 607 1017 iisdem
641 951 717 1017 solis
751 950 936 1015 animalium
967 952 1106 1017 rotundi.
1144 951 1262 1018 Cetera
1274 969 1324 1016 roo

137 1053 232 1120 binos
260 1053 360 1140 pedes
376 1052 486 1118 ‘duces
507 1051 638 1130 habent,
666 1051 772 1117 cancri
800 1060 925 1116 tantum
952 1061 1133 1136 quaternos.
1168 1051 1262 1135 Quae

137 1157 224 1222 hunc
244 1177 413 1221 numerum
434 1153 554 1239 pedum
576 1174 746 1219 excessere
769 1153 940 1231 terrestria,
962 1164 1000 1218 ut
1020 1153 1166 1240 plerique
1188 1178 1261 1221 ver·

138 1279 217 1337 mes,
245 1279 309 1322 non
334 1255 421 1320 infra
448 1255 613 1321 duodenos
640 1253 771 1334 habent,
800 1254 908 1338 aliqua
936 1277 1014 1321 vero
1041 1266 1073 1320 et
1100 1267 1261 1323 centenos.

137 1357 298 1422 Numerus
324 1356 444 1443 pedum
470 1357 565 1442 inpar
581 1355 671 1420 >nulli
693 1364 753 1421 est.
787 1353 1011 1441 Solidipedum
1038 1379 1133 1422 crura
1154 1357 1264 1423 statim

137 1458 224 1523 iusta
249 1467 430 1528 nascuntur
460 1479 628 1536 mensura,
667 1466 782 1543 postea
813 1457 1056 1545 exporrigentia
1087 1481 1122 1525 se
1153 1459 1265 1526 verius

140 1580 238 1642 quam
259 1558 438 1625 crescentia
444 1581 453 1634 3
475 1558 583 1642 itaque
604 1558 639 1621 in
659 1556 795 1623 infantia
809 1557 951 1624 scabunt
969 1559 1056 1626 auiis
1077 1560 1262 1646 posteriori·
1276 1575 1326 1622 rao

137 1659 200 1725 bus
221 1659 369 1746 pedibus,
391 1659 480 1745 quod
500 1658 612 1725 addita
632 1669 736 1724 aetate
756 1681 822 1725 non
843 1670 976 1744 queunt,
999 1661 1075 1747 quia
1094 1649 1262 1749 longitudo

139 1760 342 1847 superficiem
377 1782 548 1847 corporum
580 1761 681 1826 solam
706 1760 849 1846 ampliat.
887 1760 961 1826 Hac
987 1762 1028 1827 de
1056 1785 1155 1828 causa
1180 1765 1264 1829 inter

137 1861 230 1927 initia
257 1863 349 1948 pasci
376 1862 439 1927 nisi
465 1861 635 1927 submissis
661 1860 800 1947 genibus
826 1884 891 1927 non
918 1873 1055 1948 possunt
1079 1886 1140 1928 nec
1160 1885 1263 1948 usque
1304 1866 1307 1875 ’

139 1964 216 2028 dum
246 1963 354 2028 cervix
383 1963 425 2027 ad
451 1963 536 2028 iusta
555 1963 754 2029 incrementa
774 1962 953 2047 perveniat.
986 1960 1121 2029 XLIX.
1150 1963 1262 2029 Pumi-

138 2064 261 2129 lionum
287 2085 392 2150 genus
418 2064 453 2129 in
480 2063 630 2130 omnibus
657 2063 850 2129 animalibus
870 2073 922 2129 est
943 2075 1040 2149 atque
1062 2065 1159 2131 etiam
1178 2064 1263 2130 inter

138 2167 295 2233 volucres.

181 2268 255 2333 109.
290 2256 456 2332 Genitalia
489 2267 630 2332 maribus
664 2265 783 2351 quibus
808 2277 918 2332 essent
943 2276 1083 2334 retrorsa
1104 2266 1322 2345 diximus32s1

138 2389 231 2434 ossea
246 2377 321 2432 sunt
339 2366 436 2453 lupis,
451 2366 612 2453 volpibus,
634 2368 790 2446 mustelis,
813 2367 959 2447 viverris,
981 2369 1069 2434 unde
1083 2368 1181 2434 etiam
1195 2368 1261 2435 cal-

139 2467 212 2534 culo
236 2466 376 2535 humano
402 2469 546 2534 remedio
573 2468 763 2555 praecipua3
796 2491 871 2535 urso
900 2492 1027 2556 quoque
1049 2471 1262 2555 simulatque

138 2569 352 2655 exspiraverit
387 2592 573 2636 cornescere
608 2570 709 2635 aiunt.
754 2568 921 2637 Camelino
953 2592 1055 2639 arcus
1094 2572 1261 2655 intendere

137 2671 269 2737 orientis
290 2673 417 2759 populis
436 2672 648 2738 fidissimum.»
660 2671 730 2739 Neo
750 2695 816 2738 non
837 2674 945 2759 aliqua
966 2675 1112 2764 gentium
1134 2697 1261 2760 quoque

136 2771 171 2836 in
196 2771 257 2840 hoc
278 2774 463 2839 discrimina
489 2784 523 2840 et
549 2796 714 2840 sacrorum
744 2775 851 2854 etiam,
885 2775 965 2842 citra
993 2776 1170 2862 perniciem
1191 2799 1260 2841 am·

137 2873 327 2959 putantibus
358 2874 476 2940 Matris
508 2876 606 2940 deum
635 2873 749 2942 Gallis.
792 2873 916 2943 Contra
946 2879 1116 2943 mulierum
1147 2877 1259 2964 paucis
1273 2892 1323 2938 262

138 3047 250 3096 inducas.
267 3046 380 3111 syrmio,
396 3049 501 3098 Barbar.
524 3046 647 3113 mercide
662 3048 703 3097 vel
714 3046 864 3111 apoteridcm,
877 3048 981 3100 Gesner.
994 3051 1053 3101 hist.
1066 3052 1142 3101 anim.
1156 3059 1180 3113 3,
1192 3057 1260 3114 629,

137 3115 278 3176 quiramus
289 3129 314 3177 p.
329 3118 385 3165 tot.
411 3113 678 3179 obpeoemetnycnn'a
689 3115 819 3179 proponit.
846 3156 878 3165 -
906 3114 1080 3180 drepuaimAE.
1107 3116 1150 3166 dre
1200 3119 1222 3179 i,
1235 3122 1259 3169 d.

138 3178 267 3244 dcpronin,
277 3181 388 3232 'Barban
406 3190 432 3232 et
447 3184 519 3232 codd.
537 3182 594 3234 ool.
610 3175 662 3246 βγ.
686 3221 718 3230 ..
742 3197 803 3245 quaa
815 3198 844 3230 eu
855 3181 900 3245 tu,
911 3184 942 3232 R.
970 3199 999 3231 ex
1010 3182 1048 3232 bis
1059 3200 1127 3247 quae,
1143 3132 1216 3235 duola
1227 3187 1260 3234 eir

137 3263 206 3310 quoe,
219 3243 289 3314 dsty.
308 3291 340 3299 -
359 3258 467 3315 apparet,
479 3252 511 3301 R.
530 3256 655 3314 appareat,
669 3242 740 3313 ᾱβγ.
758 3290 790 3300 ..
810 3257 866 3312 tum,
878 3251 910 3300 R.
929 3282 961 3301 .=.
980 3257 1009 3313 et,
1022 3253 1075 3302 Ed.
1094 3251 1172 3314 edam,
1184 3247 1236 3318 βγ.

171 3314 257 3376 §rot
279 3316 371 3381 primo,
392 3311 472 3369 θΤᾱ.
495 3317 614 3370 Ceterum
629 3333 653 3367 v.
668 3316 777 3368 Aristot.
794 3325 860 3383 part.
877 3319 954 3369 anim.
971 3325 999 3380 4,
1013 3326 1036 3370 6.
1048 3336 1073 3384 p.
1087 3326 1154 3371 68³⁸
1167 3327 1207 3372 26.
1221 3343 1259 3370 ¹..

137 3390 238 3462 tergunt,
249 3401 269 3434 r.
286 3425 319 3435 ..
337 3384 395 3448 εἰπε,
407 3385 439 3436 R.
458 3426 490 3436 ..
509 3393 572 3434 teme
583 3399 613 3433 uc
625 3392 697 3464 maog,
708 3387 741 3436 R.
760 3426 792 3436 ..
810 3383 918 3465 ‘dirimat
930 3392 953 3449 9,
966 3393 1007 3438 83.
1030 3429 1062 3438 ..
1086 3385 1258 3467 tolliqintrtd.

137 3447 341 3567 lollrptppssuapdir.
360 3460 460 3581 -ιαέι,
474 3455 497 3503 d.
515 3450 556 3516 cd,
568 3454 600 3503 B.
619 3495 651 3503 -
670 3451 752 3502 tudem
769 3451 839 3518 solu,
854 3456 944 3506 Dalec.
961 3464 986 3506 et
1004 3457 1077 3506 codd.
1094 3455 1175 3506 Hard.
1197 3450 1258 3505 :dem

136 3532 181 3564 act
248 3534 290 3565 ,ιι
308 3534 399 3567 emror
439 3556 445 3568 .

170 3553 189 3647 ς’
198 3589 257 3633 ato.
275 3583 351 3643 aaa,
364 3588 388 3634 a.
399 3556 438 3634 ’,
456 3585 574 3648 aaran
585 3589 617 3638 n.
636 3628 669 3637 -
687 3587 814 3651 nictatio,
827 3590 858 3639 n.

170 3653 270 3714 §26st⁴
284 3649 396 3714 pedibus,
412 3654 444 3703 R.
472 3653 559 3704 Omitt.
577 3649 648 3719 ᾶβγ.
675 3654 794 3705 Ceterum
813 3672 837 3705 v.
859 3656 966 3707 Aristot
988 3664 1051 3721 part.
1073 3659 1149 3708 anim.
1171 3663 1256 3719 4,10.

103 3742 112 3751 ·
137 3735 162 3783 p.
176 3716 245 3769 686¹>
259 3724 298 3769 12.
317 3759 349 3768 ..
375 3718 506 3782 superficie,
519 3723 543 3769 d.
570 3762 602 3770 -
628 3719 688 3783 sola,
700 3739 721 3772 r.
741 3722 822 3772 Varia
833 3731 934 3773 mutant
944 3725 971 3773 in
982 3725 1023 3775 his
1035 3739 1075 3774 vv.
1087 3725 1154 3774 Pint.
1168 3733 1193 3774 et
1203 3725 1259 3775 Da·

136 3788 183 3836 lec.
203 3827 234 3835 ..
253 3793 377 3847 comeatu,
389 3787 420 3835 R.
441 3827 472 3836 -
490 3785 648 3850 Popilioaum,
661 3791 685 3837 d.

170 3853 256 3914 5261.
279 3846 491 3914 retrorsanor.
518 3861 580 3902 retro
596 3861 649 3916 sat,
665 3855 740 3905 STd.
767 3855 915 3917 retroactis,
932 3852 984 3922 βγ.
1016 3857 1049 3905 V.
1066 3857 1181 3907 universe
1199 3859 1256 3909 Ari·

136 3928 194 3970 atot.
207 3921 265 3972 hist.
278 3922 355 3970 anim.
368 3927 392 3980 2,
407 3925 428 3969 1.
440 3935 465 3984 p.
480 3927 547 3970 ⁶00⁸
559 3928 599 3971 33.
619 3959 651 3970 ..
674 3920 776 3969 dabimus
789 3929 830 3982 10,
843 3927 900 3973 lta.
918 3963 950 3973 ..
974 3923 1089 3985 vicenae,
1102 3928 1142 3975 dr.
1164 3925 1256 3974 uniuer-

135 3987 176 4047 sis,
187 3988 219 4037 R.
244 4029 275 4038 ..
298 3986 367 4048 ande,
379 3989 411 4038 R.
433 3995 488 4036 auat
499 3986 545 4047 die,
557 3989 611 4039 Td.
632 3995 688 4036 aunt
698 3986 743 4049 dia,
756 3989 782 4039 S.
803 3996 858 4038 saar
869 3987 931 4052 iada,
942 3992 1010 4041 Pint.
1022 4008 1042 4041 r.
1065 3989 1128 4042 Sunt
1137 3993 1162 4041 ia
1173 3992 1211 4055 ἰὼ,
1222 3995 1255 4047 Κ.

137 4051 287 4116 Suatdaiia,
300 4057 380 4106 altera
390 4057 458 4106 Pint.
471 4057 622 4105 coniectura.
651 4096 682 4105 -
709 4063 825 4120 atqueut,
838 4059 874 4106 d².
905 4098 936 4108 ..
959 4057 1217 4123 populafidissimum,
1231 4065 1256 4115 d.

133 4117 219 4183 populi
227 4121 260 4170 ait
270 4120 399 4185 dissimum,
412 4125 442 4174 R.
467 4121 562 4187 populis
566 4121 744 4187 fidelissimam,
755 4126 788 4175 K.
816 4166 847 4177 ..
874 4125 990 4189 curali.
1009 4168 1040 4177 -
1067 4129 1255 4193 ατηριιίαηώ,ᾶ.

135 4188 272 4250 amputatis,
284 4207 304 4239 r.
922 4225 925 4231 ·

169 4256 245 4306 Pius.
263 4256 298 4307 II.
1012 4257 1050 4325 21
1140 4294 1142 4299 -

1397 3598 1426 3651 0
