2910 4792
308 233 380 279 nm.
395 233 455 280 xv.
487 231 566 278 can.
581 233 844 279 xx1v-xxvr11.
872 231 971 279 sncr.
986 233 1074 277 n-a.
1191 215 1255 281 475

176 384 311 452 XXVI.
333 385 385 450 31.
409 383 503 467 Quae
524 407 601 451 cura
622 396 654 451 et
675 385 783 452 cornis
805 394 902 468 atque
924 383 1022 448 etiam
1042 383 1175 449 lentisco
1196 384 1255 447 ad-
1271 402 1318 447 10⁵

133 486 278 565 hibetur,
305 509 347 552 ne
373 487 453 570 quid
478 509 543 552 non
568 487 705 552 hominis
732 486 837 552 ventri
863 494 975 550 natum
1000 507 1072 550 csse
1094 483 1255 550 videaturi

134 588 314 653 Miscentur
341 610 473 673 sapores
501 598 534 654 ct
563 587 625 654 alio
653 587 735 653 alius
762 587 890 673 placere
918 586 1056 671 cogitur,
1084 585 1258 651 miscentur

134 711 212 754 vero
242 699 274 753 et
301 699 406 755 terrae
434 690 576 774 caelique
605 699 735 754 tractus.
771 687 811 753 In
837 688 898 753 alio
926 686 990 751 cibi
1017 709 1136 774 genere
1164 686 1258 751 India

135 790 320 869 advocatur,
342 790 377 855 in
399 791 462 857 alio
475 791 658 877 Aegyptus,
683 788 794 868 Creta,
817 788 946 874 Cyrene
969 786 1179 874 singulaeque
1194 799 1257 852 ter·

135 913 201 969 rae,
227 913 286 957 nec
315 903 419 959 cessat
444 893 479 958 in
500 891 662 958 veneficiis
684 890 761 971 vita,
788 889 961 956 dummodo
989 889 1095 954 omnia
1116 890 1257 954 devoret.

135 991 268 1058 Planius
289 995 351 1060 hoc
371 995 407 1058 fit
429 1005 462 1060 et
482 994 517 1059 in
536 994 709 1060 herbarum
729 1003 854 1059 natura

177 1091 331 1160 XXVII.
359 1098 411 1161 32.
441 1095 575 1162 Interim
595 1117 678 1180 quae
699 1104 775 1161 sunt
795 1093 967 1159 conmunia
989 1103 1022 1158 et
1035 1093 1139 1179 pomis
1153 1090 1258 1157 omni·
1273 1108 1321 1154 ros

135 1194 260 1280 busque
282 1197 378 1276 sucis,
401 1219 553 1283 saporum
574 1219 694 1285 genera
715 1218 778 1260 x111
798 1195 1018 1280 reperiunturz
1046 1193 1160 1270 dulcis,
1182 1215 1258 1257 sua·
1362 1240 1367 1249 .

135 1294 195 1372 vis,
217 1296 357 1385 pinguis,
381 1321 519 1378 amarus,
541 1309 700 1377 austerus,
723 1320 807 1376 acer,
828 1307 952 1375 acutus,
972 1295 1119 1372 acerbus,
1135 1294 1258 1374 acidus,

137 1397 256 1474 salsus3
288 1408 418 1485 praeter
438 1400 519 1466 haec
541 1399 603 1464 tria
624 1410 699 1465 sunt
720 1420 839 1484 genera
859 1395 998 1464 mirabili
1024 1419 1173 1460 maxumo
1200 1419 1259 1461 na-

136 1505 223 1561 tura:
245 1521 345 1564 unum
366 1500 401 1564 in
417 1523 481 1584 quo
496 1501 604 1586 plures
618 1500 740 1586 pariter
755 1498 936 1564 sentiuntur
951 1519 1094 1584 sapores,
1110 1507 1147 1561 ut
1159 1497 1242 1563 vinis
1248 1523 1258 1577 ς

81 1656 84 1661 .
135 1619 273 1683 namque
305 1601 339 1665 in
370 1601 421 1667 his
451 1612 483 1667 et
511 1611 657 1667 austerus
685 1611 717 1665 et
746 1609 862 1665 acutus
890 1611 922 1666 et
949 1600 1052 1666 dulcis
1081 1609 1113 1665 et
1141 1599 1259 1676 suavis,

135 1721 247 1765 omnes
268 1701 373 1768 alieni.
405 1702 555 1770 Alterum
584 1712 634 1768 est
659 1723 763 1790 genus
784 1700 819 1765 in
840 1722 904 1785 quo
926 1701 968 1765 sit
989 1710 1021 1766 et
1041 1700 1164 1767 alienus
1186 1699 1258 1783 qui·
1274 1711 1320 1761 lor

135 1800 210 1864 dem
231 1802 290 1866 sed
312 1813 345 1868 et
366 1824 444 1868 suus
465 1803 597 1887 quidam
617 1826 657 1868 ac
676 1802 858 1887 peculiaris,
880 1801 965 1866 utin
978 1802 1078 1877 lacte3
1101 1801 1259 1885 siquidem

135 1898 221 1965 inest
242 1901 273 1966 ei
294 1902 381 1986 quod
403 1913 508 1969 tamen
529 1904 599 1969 iure
621 1903 686 1969 dici
707 1902 800 1969 dulce
823 1914 855 1968 et
876 1903 998 1991 pingue
1021 1913 1054 1967 et
1075 1924 1173 1967 suave
1193 1922 1260 1966 non

136 2000 247 2085 possit,
270 2003 435 2088 optinente
456 2004 587 2072 lenitate
609 2026 692 2089 quae
710 2005 783 2091 ipsa
802 2004 944 2070 succedit
957 2003 992 2068 in
1008 2003 1131 2089 saporis
1145 2003 1258 2068 vicem.

136 2099 252 2167 Nullus
272 2103 325 2170 hic
346 2106 454 2190 aquis,
482 2129 524 2172 ue
552 2130 649 2172 sucus
678 2106 825 2190 quidem,
855 2116 892 2170 ut
919 2116 1025 2171 tamen
1051 2128 1090 2170 eo
1110 2105 1182 2191 ipso
1202 2102 1260 2170 fiat
1274 2118 1321 2164 ros

136 2201 252 2285 aliquis
274 2225 312 2269 ac
334 2227 427 2271 suum
448 2230 553 2295 genus
574 2207 686 2284 faciat3
711 2196 824 2273 sentiri
845 2206 976 2292 quidem
996 2229 1098 2292 aquae
1113 2228 1259 2292 saporem

136 2303 237 2368 ullum
263 2327 416 2373 sucumve
442 2308 557 2375 vitium
578 2319 636 2375 est.
672 2308 833 2397 Magnum
860 2310 910 2374 his
937 2307 1084 2374 omnibus
1105 2307 1140 2372 in
1160 2306 1259 2372 odore

136 2416 332 2471 momentum
358 2418 392 2473 et
417 2431 535 2496 magna
556 2410 715 2499 cognatio,
742 2411 799 2495 qui
821 2421 853 2476 et
873 2411 945 2497 ipse
965 2410 1073 2475 nullus
1095 2418 1146 2474 est
1166 2407 1258 2492 aquis

136 2515 194 2569 ant
216 2506 244 2571 si
265 2509 401 2575 sentitur
421 2512 550 2577 omnino
570 2512 685 2578 vitium
707 2523 767 2579 est.
800 2512 923 2578 Mirum
937 2513 999 2578 tria
1012 2522 1146 2578 naturae
1160 2531 1257 2596 prae·

135 2605 231 2693 cipua
263 2609 420 2677 elementa
452 2613 520 2680 sine
552 2637 666 2700 sapore
699 2636 788 2693 esse,
823 2614 892 2682 sino
919 2615 1036 2692 odore,
1070 2613 1139 2678 sine
1169 2632 1256 2691 suco,

135 2727 261 2790 aquam,
283 2733 368 2790 aera,
390 2712 487 2799 ignis.

178 2806 348 2875 xxvm.
380 2814 433 2877 33.
468 2814 560 2900 Ergo
587 2838 736 2881 sucorum
762 2816 867 2882 vinosi
891 2817 978 2901 piro,
1006 2838 1110 2894 moro,
1140 2823 1256 2901 myrto,
1272 2827 1320 2873 109

136 2905 288 2987 minume,
316 2911 403 2992 quod
425 2914 593 2993 miremur,
622 2916 694 2981 uvis
700 2940 710 2993 ;
743 2916 881 3003 pingues
903 2915 1021 2995 olivae,
1049 2917 1155 2994 lauro,
1181 2916 1258 2982 nuci

136 3090 218 3142 Rteni
226 3095 316 3158 nutent,
328 3114 348 3149 r.
370 3100 465 3163 Locus,
482 3104 520 3153 uti
530 3104 610 3166 vulgo
621 3104 722 3167 legitur,
738 3106 857 3168 mutilum
875 3113 903 3156 at
920 3107 976 3170 quis
993 3107 1020 3156 in
1037 3106 1083 3158 teli
1099 3121 1127 3156 ro
1138 3107 1258 3171 supplere

135 3175 195 3210 eum
207 3165 316 3214 audeat?
335 3207 367 3215 -
386 3165 461 3230 insa
480 3168 517 3230 iis,
530 3166 602 3235 dssr.
621 3212 653 3220 ..
671 3169 741 3234 color,
754 3173 778 3222 d.
797 3215 828 3222 -
847 3170 985 3236 viridesque,
996 3191 1019 3225 a.
1038 3214 1070 3223 -
1088 3171 1183 3235 similes,
1194 3168 1223 3234 β.

169 3249 254 3310 §lot
273 3248 461 3314 quinquennium,
474 3271 490 3304 a
507 3253 593 3318 (codd.
607 3251 676 3317 Gal.)
700 3255 864 3320 quinquennio,
875 3274 895 3307 r.
919 3274 989 3320 quam
1001 3257 1190 3321 quinquennium,
1202 3257 1257 3308 Td.

135 3352 169 3364 ...
187 3316 292 3378 arbores,
305 3333 328 3368 a.
347 3359 379 3369 ..
398 3319 575 3383 excedentem.
592 3354 630 3374 ..«
643 3322 783 3386 etiamnunc,
795 3341 819 3375 a.
836 3364 870 3377 ..
887 3323 972 3386 cicae,
984 3329 1009 3377 d.

169 3400 254 3460 5105.
277 3399 352 3465 Quae,
365 3418 416 3454 om.
429 3408 453 3456 d.
474 3448 505 3455 -
527 3402 636 3472 Oyrinae,
648 3423 671 3458 a.
690 3448 722 3457 ..
740 3405 848 3470 devorat,
860 3426 883 3459 a.
902 3409 982 3472 ..fit
992 3417 1022 3471 et,
1034 3412 1080 3461 ad.
1089 3409 1144 3473 fiet,
1155 3406 1209 3475 βγ.

137 3549 144 3560 .
169 3483 254 3544 §roa
272 3483 377 3549 quidum,
389 3504 440 3539 om.
450 3490 477 3541 S.
496 3531 528 3541 ..
546 3498 632 3554 tamen,
644 3508 695 3542 om.
708 3509 728 3543 r.
746 3534 779 3542 ..
802 3491 857 3555 duc,
869 3496 884 3544 d
890 3490 942 3559 βγ.
961 3493 1054 3556 dicitnr,
1066 3512 1107 3546 ar.
1125 3536 1157 3546 ..
1172 3494 1257 3558 possit,

136 3556 174 3596 ita
190 3565 237 3599 nos
254 3553 302 3601 scri
321 3555 408 3606 simus.
428 3556 529 3620 possint,
540 3573 563 3607 a.
582 3567 687 3624 possent,
704 3561 728 3608 d.
746 3567 833 3623 posset,
844 3555 896 3626 βγ.
920 3578 966 3611 non
982 3563 1060 3626 possit
1079 3577 1130 3613 om.
1147 3579 1166 3612 r.
1195 3560 1260 3626 quod

133 3615 281 3743 pgrppnliurp
309 3618 343 3669 ici
352 3637 418 3671 suum
430 3639 476 3672 non
483 3631 570 3688 potest,
588 3624 656 3676 dulce
667 3634 690 3675 et
697 3625 788 3691 pinque
800 3635 823 3676 et
833 3644 914 3690 suave,
926 3628 1040 3679 obtinenti
1050 3638 1128 3679 tamen
1139 3629 1257 3679 lenitatem

196 3719 204 3742 ,
237 3700 264 3734 rn
277 3722 283 3735 .

168 3765 255 3846 §103
273 3767 415 3851 quidems-
440 3773 633 3828 Omitted.-
654 3795 683 3828 es
698 3779 757 3844 posu
766 3782 986 3846 fictuquis,Pint
1006 3823 1038 3833 ..
1056 3798 1120 3845 eque,
1132 3799 1155 3833 u
1178 3789 1256 3845 “leun

134 3836 158 3915 d.
178 3875 206 3884 -
228 3834 302 3898 ulium,
313 3852 332 3903 r
342 3847 404 3889 vitro
418 3856 559 3906 operarum.
576 3885 609 3895 ..
627 3853 651 3894 et
661 3847 718 3911 pree,
730 3850 777 3898 ad.
794 3849 852 3913 ipse,
863 3865 889 3914 r.
908 3891 940 3900 ..
959 3849 1014 3911 eta,
1026 3851 1084 3900 8²d·
1102 3850 1256 3914 iriaytm,

134 3903 170 3950 a¹.
189 3943 221 3952 ..
239 3919 296 3966 esse,
308 3920 359 3956 om.
372 3925 391 3956 r.
409 3947 442 3959 ..
460 3926 555 3973 uquam,
567 3913 604 3963 ite
614 3929 661 3964 nos
673 3915 825 3980 scripsimus.
882 3934 922 3980 uu,
934 3934 974 3968 ar·
996 3933 1083 3981 aquae,
1095 3918 1149 3968 Td·
1171 3933 1256 3980 “timi

133 3962 184 4030 βγ.
204 4010 236 4020 -
254 3987 322 4034 aera,
334 3975 388 4024 Τὰ.
407 3991 457 4038 aer,
469 3994 509 4028 ar.
529 4018 561 4028 ..
579 3979 648 4045 iqnia
661 3998 702 4032 ar.
720 3983 793 4047 iqnes,
806 3986 852 4036 Td
883 4000 909 4049 r.

155 4053 183 4127 ,ξ
198 4058 253 4103 lue.
272 4055 354 4118 vinosi,
370 4052 495 4112 osred.
515 4062 615 4125 vinosus,
626 4061 656 4127 β.
676 4067 795 4118 Ceterum
808 4069 870 4119 haec
881 4070 948 4120 Plin.
961 4070 1070 4133 sumpsit
1081 4085 1114 4120 ox
1123 4068 1254 4133 Theophr.

134 4116 408 4199 hqstplant31.12,1.
427 4170 459 4179 ..
477 4129 577 4192 minine,
589 4135 634 4183 ad.
653 4149 707 4200 non,
719 4153 739 4186 r.
752 4175 784 4188 ...
803 4136 907 4200 miretur,
920 4153 943 4187 a.
957 4179 988 4187 -
1007 4137 1067 4201 uuir,
1080 4137 1125 4188 ad.
1143 4135 1209 4198 witi·
1220 4143 1255 4197 ⁰⁸»

134 4179 184 4249 βγ.
203 4228 235 4236 -
251 4205 360 4256 pinques,
373 4188 498 4248 esrae.
512 4198 619 4264 pinqut'a,
630 4196 659 4262 β.
