2896 4800
436 270 507 316 ure.
522 270 558 316 x.
586 267 665 316 car.
680 267 781 315 nx111.
810 265 908 314 sucu.
923 267 955 311 ee.
1194 249 1256 313 243

137 427 276 516 gignunt
296 446 403 502 canes,
425 422 506 508 lupi,
528 419 713 507 pantherae,
737 417 837 485 thoes.
859 415 987 482 Canum
1008 416 1102 503 plura
1117 438 1257 503 genera3

136 526 318 597 Laconicae
340 535 455 592 octavo
475 544 585 588 meuse
598 520 759 606 utrimque
772 528 940 609 generent,
961 519 1070 584 ferunt
1091 519 1259 605 sexaginta

138 627 251 697 diebus
273 637 307 692 et
327 627 511 712 plurumum
533 622 650 700 tribum
679 633 805 689 ceterae
828 643 923 687 canes
951 629 984 685 et
1012 629 1182 685 semestres
1204 642 1258 687 co·

100 806 104 817 Ι
137 729 217 794 itum
231 729 416 814 patiuntur3
438 724 601 811 inplentur
613 746 726 790 omnes
740 745 807 788 uuo
821 721 917 788 coitu.
941 720 1035 804 Quae
1050 730 1125 787 aute
1137 721 1260 787 iustum

138 842 267 916 tempus
289 849 476 913 concepere,
498 826 620 899 diutius
641 847 755 892 caecos
775 822 896 898 habent
908 822 1043 902 catulos,
1066 845 1126 888 nec
1147 845 1260 891 omues

138 932 274 998 totidem
301 929 427 995 diebus.
464 926 714 994 Existumantur
740 926 774 990 in
800 925 894 991 urina
920 926 1064 992 attollere
1095 947 1170 991 crus
1192 925 1260 991 fere

139 1040 327 1109 semestrem
354 1030 389 1095 id
410 1040 461 1098 est
482 1029 611 1116 siguum
632 1027 844 1096 consummati
865 1027 982 1093 virium
1001 1026 1142 1107 roboris3
1166 1026 1260 1102 femi·

138 1153 199 1197 nae
220 1131 281 1198 hoc
307 1131 394 1198 idem
423 1130 574 1197 sidentes.
610 1129 729 1201 Partus
746 1128 896 1196 ,duodeni
921 1129 1039 1213 quibue
1065 1128 1323 1195 numerosis-1⁷⁸

140 1233 223 1313 simi,
246 1242 352 1306 cetero
373 1232 475 1319 quini,
497 1233 577 1311 seni,
598 1231 774 1317 aliquando
787 1230 918 1318 singuli,
941 1231 1028 1316 quod
1041 1231 1263 1319 prodigiosum

140 1344 268 1423 putant,
292 1334 376 1401 siout
396 1333 499 1401 omnis
521 1333 618 1398 maris
639 1343 696 1402 aut
716 1332 818 1404 omnis
838 1331 975 1398 feminas
996 1332 1098 1422 gigni.
1132 1331 1262 1398 Primos

138 1457 284 1522 quosque
305 1434 403 1511 maris
417 1433 557 1520 pariunt,
579 1433 614 1498 in
627 1434 743 1500 ceteris
757 1433 931 1513 alternant3
952 1434 1104 1501 ineuntur
1125 1456 1146 1498 a
1166 1444 1264 1520 partu

142 1547 234 1603 sexto
254 1558 379 1612 meuse3
402 1545 535 1602 octonos
555 1534 739 1603 Laconicae
759 1535 899 1622 pariunt.
931 1534 1068 1622 Propria
1088 1535 1122 1601 in
1144 1557 1182 1601 eo
1203 1558 1262 1623 ge-

139 1661 216 1705 nere
237 1637 380 1704 maribus
401 1648 476 1725 post
495 1637 639 1704 laborem
660 1637 818 1704 salacitas.
850 1636 974 1704 Vivent
993 1636 1149 1705 Laconici
1170 1637 1263 1704 anuis

140 1740 245 1820 denis,
265 1739 405 1806 feminae
425 1738 593 1818 duodenis,
616 1749 724 1805 cetera
736 1761 860 1827 genere
872 1739 1053 1825 quindenos
1067 1762 1179 1819 annos,
1202 1740 1262 1806 ali-

139 1841 269 1926 quando
290 1851 324 1907 et
344 1840 471 1926 viginti,
494 1863 554 1906 nec
576 1850 644 1905 tota
664 1862 724 1907 sua
743 1850 849 1905 aetate
868 1851 1027 1928 generent
1048 1840 1117 1905 fere
1139 1863 1159 1904 a
1180 1840 1262 1905 duo-

140 1941 266 2007 decimo
287 1940 479 2006 desinentes.
514 1939 643 2005 Felium
671 1951 705 2005 et
729 1940 979 2006 ichneumonum
998 1940 1122 2025 reliqua
1148 1949 1186 2005 ut
1208 1961 1263 2005 ca-

140 2066 235 2120 num;
257 2043 369 2110 vivont
389 2043 482 2108 annis
504 2041 599 2108 senis.
622 2041 817 2128 Desypodes
840 2043 927 2108 omni
947 2064 1057 2108 mense
1079 2042 1210 2127 pariunt
1232 2052 1265 2108 et
1278 2054 1326 2102 179

142 2144 342 2231 superfetant
368 2143 451 2210 sicut
471 2143 597 2230 lepores
604 2167 614 2219 ;
647 2153 784 2228 apertu
811 2142 919 2209 statim
944 2143 1122 2229 inplentur3
1156 2144 1264 2210 conci·

141 2244 235 2331 piunt
255 2244 403 2329 quemvis
424 2244 526 2309 ubera
546 2242 687 2309 siccante
701 2243 784 2322 fetu,
806 2244 936 2330 pariunt
949 2265 1026 2308 vero
1042 2264 1164 2309 caecos.
1186 2244 1264 2310 Ele-

141 2345 266 2432 phanti,
293 2356 331 2410 ut
351 2343 504 2423 diximus,
532 2343 663 2429 pariunt
685 2344 829 2433 singulos
849 2344 1070 2432 magnitudine
1091 2344 1184 2411 vituli
1206 2346 1265 2410 tri-

141 2447 281 2512 mestris.
306 2443 430 2512 Cameli
444 2445 615 2512 duodecim
629 2446 794 2514 mensibus
810 2448 929 2526 ferunt,
951 2470 972 2512 a
992 2446 1123 2512 trimatu
1136 2447 1266 2534 pariunt

142 2570 219 2614 vere
240 2548 417 2632 iterumque
438 2557 514 2634 post
534 2571 655 2614 annum
674 2549 839 2636 inplentur
859 2572 880 2614 a
899 2560 1004 2636 partu.
1025 2548 1139 2633 Equus
1157 2561 1266 2616 eutem

142 2659 216 2736 post
244 2650 372 2716 tertium
398 2647 486 2717 diem
512 2661 569 2716 aut
593 2660 667 2737 poet
693 2675 793 2718 unum
814 2651 856 2718 ab
878 2653 976 2718 enixu
996 2651 1118 2717 utiliter
1139 2651 1265 2718 admitti

100 2794 102 2799 -
142 2761 257 2837 putant
278 2761 461 2838 coguntque
485 2752 615 2831 invitas,
644 2763 678 2818 et
702 2753 817 2819 mulier
846 2764 992 2840 septumo
1018 2754 1070 2821 die
1096 2755 1265 2842 concipere

144 2852 294 2920 facillime
320 2851 471 2919 creditur.
507 2853 674 2939 Equarum
700 2855 794 2922 iubas
821 2848 1199 2943 tondere'praeeipiunt,
1228 2867 1266 2923 ut
1280 2869 1329 2917 180

143 3031 206 3073 recto
223 3040 307 3087 meuse,
324 3021 357 3087 β,
375 3042 441 3090 quae
457 3027 585 3090 improbat
601 3029 677 3077 etiem
688 3027 756 3087 Iun,
768 3028 816 3077 nisi
828 3027 893 3078 forte
904 3027 1015 3077 ineantur
1026 3031 1059 3080 sit
1070 3030 1214 3093 legendum.
1233 3071 1265 3079 .-

139 3098 197 3156 post
216 3089 333 3153 laborem
352 3096 433 3155 Pina,
455 3095 526 3157 quod
545 3095 637 3158 probet
656 3095 733 3143 etiem
750 3094 896 3145 Schneider.
914 3097 948 3145 ad
963 3097 1096 3146 Aristotel.
1112 3099 1130 3148 l.
1148 3097 1166 3146 l.
1184 3104 1207 3156 6,
1224 3104 1266 3148 26.

143 3175 170 3223 p.
183 3156 249 3209 5741)
262 3165 303 3209 22.
315 3162 346 3212 Τ.
358 3161 393 3211 Π.
405 3176 430 3226 p.
443 3166 501 3212 489.
519 3159 619 3222 laborm,
628 3153 682 3211 Βθ
687 3162 711 3211 d.
730 3159 826 3222 lobna,
834 3156 864 3222 β.
883 3160 970 3224 labore,
982 3164 1080 3214 Broter.
1092 3178 1117 3227 γ.
1134 3165 1267 3215 Praeterea

144 3227 212 3278 Piut.
227 3241 275 3291 pro
290 3227 395 3278 maribus
409 3229 472 3292 legit
488 3228 576 3291 maior3
592 3230 657 3280 mihi
672 3229 778 3277 marolus
788 3227 865 3278 maior
871 3237 929 3294 pest
939 3232 1099 3283 scribendum
1110 3232 1215 3282 videtur.
1232 3270 1265 3280 .-

144 3287 390 3352 admiscendus.
417 3293 581 3359 caesaraea
609 3338 642 3348 ...
668 3295 820 3360 XVaame,
832 3299 857 3349 d.
883 3339 916 3348 -
942 3292 1098 3361 enmono.
1117 3293 1214 3359 Omst.
1234 3336 1266 3346 ..

144 3361 237 3478 viqir‘riti
246 3363 367 3481 ’R'BH’
380 3357 467 3427 Τθβ.
485 3365 583 3428 vicenos,
596 3368 641 3431 dr.
660 3405 692 3416 ..
711 3382 753 3415 nec
765 3373 822 3429 tcta,
833 3366 941 3419 Aristot
953 3369 971 3418 l.
983 3369 1002 3418 l.
1016 3373 1040 3431 6,
1055 3374 1094 3418 14.
1106 3383 1132 3432 p.
1146 3371 1214 3417 5461ι
1225 3370 1266 3416 28.

144 3469 177 3480 ..
212 3446 270 3489 ense,
305 3440 380 3482 roter.

179 3499 194 3559 5
208 3500 265 3560 179.
282 3499 422 3562 concipient,
435 3516 485 3551 om.
496 3503 564 3553 Piut.
582 3542 614 3552 ..
628 3517 690 3560 vero,
701 3503 782 3555 Hard.
800 3507 824 3566 ri,
834 3499 914 3565 Rdfl.
931 3505 1064 3556 Herduino
1077 3503 1267 3568 quodammodo

145 3563 197 3612 iem
213 3565 371 3627 praeiverant
385 3569 454 3617 Pint.
471 3577 497 3618 et
513 3569 617 3620 Gesner.
634 3570 694 3619 hist.
712 3572 789 3621 anim.
807 3579 835 3634 l,
851 3578 908 3622 366.
925 3573 986 3621 coll.
999 3573 1106 3622 Aristot.
1118 3573 1178 3621 hist.
1190 3570 1267 3618 anim.

147 3635 171 3691 e,
183 3636 225 3679 ee.
242 3671 275 3680 -
293 3629 432 3693 Elephanti,
444 3633 614 3686 Aristotel.
627 3642 651 3696 c,
665 3642 704 3686 14.
718 3645 789 3688 extr.
799 3677 831 3686 -
853 3637 955 3686 claime
968 3643 1024 3689 175.
1038 3644 1061 3699 s,
1074 3645 1114 3689 as.
1132 3677 1164 3686 -
1186 3652 1211 3696 a,
1222 3638 1267 3687 12².

146 3713 167 3759 e,
179 3696 224 3746 ΕΙ.
246 3696 284 3758 ia,
301 3699 355 3748 Td.
378 3699 436 3748 Om.
453 3713 478 3762 γ.
496 3741 528 3751 ..
551 3700 620 3763 dmm,
631 3697 758 3754 ROTer.
777 3719 872 3764 cunum,
883 3699 913 3765 β.
935 3704 995 3754 Vid.
1011 3706 1118 3756 Aristot.
1130 3705 1148 3752 l.
1159 3705 1177 3753 l.
1191 3710 1214 3764 6,
1227 3709 1268 3753 22.

144 3780 172 3829 p.
186 3762 306 3816 5751230,
331 3805 362 3814 ..
385 3762 521 3828 admittere,
538 3769 627 3819 Delec.
650 3809 683 3818 ..
704 3768 800 3831 mulier,
818 3771 933 3820 omnium
949 3779 987 3820 est
997 3773 1120 3822 librorum
1131 3771 1267 3835 scripturo3

146 3847 207 3882 nem
219 3834 288 3897 quod
299 3833 389 3883 Dalec,
402 3849 416 3883 e
432 3825 483 3884 θΚ
495 3834 569 3884 effert
578 3850 647 3897 equa,
663 3837 752 3885 nititur
767 3838 832 3887 illud
848 3846 936 3901 aperto
954 3853 1043 3889 errore.
1064 3839 1120 3888 Iam
1132 3855 1190 3890 vero
1202 3840 1269 3889 hanc

146 3915 236 3951 vocem
247 3916 301 3951 esse
314 3909 457 3966 corruptam
468 3911 535 3952 recte
547 3911 679 3952 senserunt
689 3904 769 3966 Pina,
782 3905 826 3967 qui
837 3905 908 3953 cetea
920 3907 1072 3968 emendavit,
1090 3914 1116 3957 et
1125 3907 1223 3962 Iecobs.
1236 3908 1269 3957 ad

147 3967 249 4018 Aelien.
267 3970 327 4021 hiet.
344 3971 421 4020 anim.
439 3975 466 4030 5,
484 3976 524 4020 32.
541 3971 572 4019 Τ.
589 3969 624 4018 11.
641 3985 666 4034 p.
684 3976 741 4021 656.
763 3973 859 4023 Parum
874 3975 1031 4024 considerate
1047 3977 1079 4025 de
1094 3975 1151 4039 ipsa
1161 3975 1268 4027 muliere

145 4036 246 4098 generis
257 4038 363 4089 humani
374 4038 417 4102 egi
428 4038 514 4089 dicunt
522 4037 600 4088 Hard.
614 4043 640 4088 et
649 4038 755 4097 Doderl.
765 4055 900 4105 synonym.
909 4047 933 4102 4,
943 4045 1010 4104 627,
1022 4045 1053 4096 de
1064 4043 1135 4094 mule
1144 4058 1204 4094 vero
1219 4059 1268 4095 noc

148 4103 259 4164 cogitare
274 4112 344 4155 vetet
358 4106 413 4170 ipse
428 4105 494 4156 Pliu.
511 4111 539 4165 8,
554 4108 622 4165 lta,
638 4106 681 4156 ubi
694 4121 759 4170 quae
770 4109 837 4159 Plin.
855 4111 887 4159 de
898 4111 968 4160 mule
978 4125 1056 4176 saepe
1067 4112 1179 4176 periente
1190 4113 1268 4173 addit,

149 4168 200 4220 huc
211 4182 265 4219 nou
276 4174 407 4237 quadrent.
425 4213 457 4223 -
474 4173 579 4236 septimo,
590 4166 688 4224 ROdr.
706 4175 812 4240 septima,
824 4171 853 4239 β.
1361 4180 1363 4191 “
