2896 4800
82 244 200 335 ‚456
339 322 352 345 ἢ
490 256 696 306 sarnanum
717 257 914 307 rusroams

181 410 245 477 IX
275 408 305 479 9.
333 409 462 497 Reliqui
483 411 634 478 arborum
656 411 781 482 fructus
801 410 858 478 vix
879 410 989 496 specie
1009 410 1170 500 figurare,
1199 435 1269 479 non
1281 432 1314 478 as

137 514 232 581 modo
254 513 422 600 saporibus
444 513 594 599 sucisque
616 514 732 580 totiens
753 512 921 600 permixtis
942 521 1041 597 atquc
1061 511 1169 579 insitis
1182 537 1267 581 enu-

137 616 254 682 merari
276 627 409 701 queunt.

180 717 228 783 X.
261 715 506 785 Grandissimus
535 717 641 805 pineis
667 716 805 784 nucibus
837 716 1054 802 altissimeque
1085 737 1268 802 suspensus

137 820 227 887 intus
248 820 342 886 exilis
363 822 495 887 nucleos
515 820 672 886 lacunatis
692 819 828 887 includit
843 820 932 899 toris,
954 819 1089 886 vestitos
1110 818 1175 884 alia
1195 819 1268 886 fer-

136 923 262 1011 ruginis
282 922 402 1002 tunica,
424 922 505 987 mira
525 933 658 987 naturae
680 943 759 987 cura
771 921 908 987 molliter
924 919 1047 986 semina
1061 921 1266 987 conlocandi.

137 1023 266 1091 Harum
299 1047 404 1113 genus
438 1024 572 1090 alterum
602 1022 780 1090 terentinae
815 1021 924 1111 digitis
958 1022 1066 1109 fragili
1094 1022 1267 1109 putamine

137 1127 310 1213 ariumque
331 1127 419 1192 furto
440 1126 474 1193 in
496 1126 619 1192 arbore.
646 1124 694 1190 Et
714 1125 844 1191 tertium
865 1123 1032 1211 sappiniae
1053 1146 1072 1189 e
1091 1123 1188 1211 picea
1209 1145 1265 1189 sa-
1277 1142 1311 1188 ss

137 1231 215 1307 tiva,
241 1230 426 1295 nucleorum
454 1239 529 1295 cute
555 1227 664 1294 verius
689 1248 786 1312 quam
812 1225 977 1313 putamine
1005 1225 1088 1290 adeo
1111 1224 1201 1290 molli
1227 1235 1267 1290 ut

139 1331 235 1396 simul
256 1331 437 1396 mandatur.
461 1327 623 1412 Quartum
644 1328 770 1415 pityida
783 1338 901 1394 vocant
922 1348 940 1393 e
960 1325 1126 1414 pinastris,
1146 1325 1265 1414 singu·

136 1431 214 1498 laris
233 1431 356 1499 remedi
377 1432 532 1497 adversus
554 1429 680 1495 tussim.
701 1429 742 1494 In
755 1428 848 1495 melle
863 1428 1013 1496 decoctos
1026 1426 1265 1494 nucleosTau-

137 1533 200 1599 rini
223 1533 384 1619 aquicelos
405 1541 531 1598 vocant.
563 1531 665 1596 Pinea
686 1552 802 1597 corona
822 1529 963 1597 victores
991 1529 1080 1616 apud
1099 1527 1264 1595 Isthmum

138 1645 338 1700 coronantur.

144 1764 169 1803 s
178 1734 244 1800 XI.
269 1736 319 1801 10.
341 1733 404 1802 His
425 1756 584 1823 proxuma
605 1735 815 1823 amplitudine
835 1734 920 1800 mala
942 1755 1024 1820 quae
1037 1754 1191 1801 vocamus
1206 1754 1263 1800 co-
1275 1749 1308 1797 ar

137 1847 230 1905 tonsa
243 1842 285 1906 ‘et
307 1835 426 1904 Graeci
448 1838 596 1924 cydonia,
619 1860 660 1904 ex
683 1834 783 1904 Creta
803 1836 910 1902 insula
930 1836 1081 1911 advecta3
1108 1834 1263 1901 incurva-

138 1950 188 2007 tos
217 1940 348 2006 trahunt
375 1962 481 2006 ramos
509 1939 744 2027 prohibentque
773 1959 917 2005 crescere
945 1947 1120 2024 parentem.
1160 1935 1264 2000 Plura

137 2065 249 2110 corum
270 2063 408 2130 genera:
438 2040 637 2126 chrysomela
657 2040 806 2106 incisuris
821 2039 982 2117 distincta,
1011 2037 1116 2104 colore
1137 2037 1180 2102 ad
1202 2060 1263 2103 au-

136 2168 208 2212 rum
222 2143 391 2220 inclinato;
415 2165 498 2229 quae
513 2142 709 2221 candidiora,
730 2141 885 2208 nostratia
899 2140 1131 2229 cognominata,
1153 2139 1262 2207 odoris

136 2243 418 2333 praestantissimi3
449 2254 498 2310 est
523 2255 554 2310 et
575 2242 798 2330 Neapolitanis
824 2264 903 2308 suus
923 2242 1035 2308 honor.
1067 2239 1199 2306 Minora
1220 2254 1309 2307 exso

138 2347 250 2414 eodem
272 2368 391 2434 genere
413 2344 557 2411 struthea
579 2345 743 2411 odoratius
765 2344 903 2423 vibrant,
927 2343 1067 2410 serotino
1087 2352 1261 2427 proventu,

137 2449 285 2536 praecoci
305 2470 382 2516 vero
407 2456 547 2526 mustea3
576 2446 729 2512 strutheis
756 2455 864 2511 autem
889 2455 1024 2511 cotonea
1050 2442 1147 2509 insita
1167 2466 1263 2509 suum

139 2567 244 2637 genus
264 2548 371 2615 fecere
391 2547 605 2627 Mulvianum,
634 2568 716 2632 quae
743 2545 810 2612 sola
835 2568 876 2611 ex
902 2545 953 2611 his
974 2545 1026 2611 vel
1048 2545 1149 2610 cruda
1169 2567 1262 2611 man-

140 2648 269 2727 duntur,
297 2649 403 2714 omnia
423 2649 488 2714 iam
510 2660 542 2713 et
561 2648 704 2714 virorum
725 2647 921 2713 salutatoriis
942 2646 1103 2714 cubilibus
1124 2645 1260 2725 inclusa,

140 2749 317 2816 simulacris
345 2748 488 2815 noctium
516 2749 652 2815 consciis
680 2747 831 2834 inposita.
867 2746 954 2813 Sunt
974 2757 1140 2834 praeterea
1160 2770 1263 2834 parva

140 2850 309 2930 silvestria,
331 2874 352 2917 a
372 2849 524 2936 strutheis
546 2850 779 2929 odoratissima,
800 2850 836 2916 in
856 2850 1007 2937 saepibus
1028 2849 1201 2915 nascentia.

183 2954 234 3020 11.
259 2952 350 3021 Mala
369 2951 580 3041 appellamus,
606 2970 800 3039 quamquam
821 2951 941 3026 diversi
962 2950 1100 3040 generis,
1127 2949 1308 3017 Persicaas

172 3099 241 3162 5³⁵·
263 3093 480 3158 &avidissimae
498 3134 531 3144 ..
548 3109 680 3160 saperem,
698 3095 721 3151 d.
742 3091 870 3158 caprasii,
881 3110 904 3152 a
927 3110 945 3143 a
960 3099 1026 3142 terra
1039 3105 1172 3156 asponam
1187 3106 1208 3140 r.
1226 3131 1260 3141 -

139 3164 204 3224 toras,
220 3166 244 3215 d
271 3164 327 3227 orb,
342 3159 392 3227 αβ.
411 3205 444 3214 -
462 3162 575 3226 ematque
591 3178 636 3224 eos,
653 3163 686 3212 K
706 3202 737 3211 ..
755 3161 853 3222 canina,
870 3178 894 3218 a
920 3160 952 3216 In
968 3163 1095 3223 drasura3
1112 3174 1163 3209 om.
1176 3159 1208 3209 T.
1226 3198 1261 3207 -

139 3231 397 3292 recollocanda..
416 3227 894 3293 terentinae,a(codd.'i¹urn,adv‚27,
909 3226 962 3292 17.)
987 3227 1140 3288 Tarentinae,
1153 3220 1203 3286 dss.
1227 3231 1261 3274 te-

138 3300 253 3349 rentinam
274 3301 343 3351 Pina

173 3369 241 3430 536.
256 3337 301 3430 ’Et
318 3364 435 3420 &Tadn
459 3367 548 3420 Omitt.
563 3360 614 3430 βγ.
633 3407 665 3415 ..
687 3363 819 3429 sappinioe,
835 3361 915 3414 Hard.
942 3363 1079 3428 suppiam,
1095 3359 1260 3411 vetustissimi

138 3435 198 3484 libri
213 3450 253 3498 ap.
265 3436 373 3486 Salmas.
390 3449 473 3486 exero.
490 3450 515 3499 p.
529 3437 586 3484 357.
599 3449 622 3483 a.
634 3435 664 3484 F.
686 3432 807 3496 oppiaiaa
825 3426 919 3482 OKad
936 3428 1022 3492 (codd.
1039 3425 1130 3489 Turn)
1151 3424 1258 3490 sappini,

140 3502 248 3554 Salmas.
261 3505 292 3553 de
303 3503 366 3566 hylo
377 3518 402 3567 p.
415 3507 456 3553 81.
468 3518 492 3553 a.
505 3501 536 3554 G.
554 3499 675 3563 capineae,
687 3497 716 3560 β.
733 3499 862 3563 sapineum,
871 3499 976 3549 Barbar.
989 3539 1021 3548 ..
1040 3513 1060 3561 e,
1073 3496 1211 3547 omitted.
1225 3534 1259 3543 -

139 3566 291 3632 mandantur,
307 3587 331 3626 a,
352 3568 500 3632 mandatur,
517 3570 541 3618 d.
560 3608 591 3618 ..
607 3565 710 3633 pityida,
728 3568 801 3618 codd.
816 3566 932 3618 Barbari.
954 3563 1061 3631 pitydia,
1079 3559 1155 3619 OSK
1170 3558 1260 3624 (codd.

139 3634 232 3701 Turn.)
246 3635 367 3703 pythidia
379 3640 423 3690 ad.
442 3678 474 3690 ...
488 3635 627 3702 pinastreir,
639 3640 683 3688 ad.
702 3675 734 3685 ..
751 3634 828 3697 atum,
840 3652 863 3686 a.

173 3709 242 3770 §ab
259 3705 362 3769 catania,
378 3709 415 3757 at
433 3746 465 3756 ..
487 3705 587 3767 Graece,
605 3705 630 3755 d.
650 3743 677 3753 -
699 3700 808 3768 quirnea,
825 3720 847 3753 a
869 3699 983 3768 cydonea,
1001 3696 1051 3762 dss.
1069 3740 1101 3750 -
1121 3707 1150 3760 et,
1163 3700 1208 3748 ad.
1227 3737 1258 3746 ..

136 3773 282 3836 parientem,
299 3790 320 3825 r.
338 3815 370 3824 ..
392 3771 501 3834 incitari,
519 3774 543 3827 d,
562 3812 595 3823 ...
617 3767 758 3831 inclinante,
773 3771 860 3822 Dalec.
880 3811 911 3820 ...
935 3785 996 3834 quae
1011 3765 1150 3828 candidior,
1168 3766 1191 3814 d.
1220 3764 1262 3829 qui

140 3839 272 3902 candidior,
284 3841 335 3893 Ta.
354 3883 386 3892 -
404 3839 559 3906 coquentium,
570 3840 638 3896 Pint.
657 3879 688 3890 ,.
707 3836 788 3899 lona,
801 3838 844 3886 ad.
863 3835 941 3900 boam,
953 3832 1003 3902 βγ.

148 3954 152 3961 .
174 3910 242 3972 §aa
261 3907 370 3971 Maiore,
381 3910 470 3963 Dalec.
489 3949 520 3958 -
536 3923 633 3972 penas,
649 3921 673 3957 a.
694 3947 725 3958 ..
742 3903 838 3964 sautia
854 3920 877 3954 a.
898 3905 994 3964 struas,
1011 3906 1035 3955 d.
1055 3944 1086 3954 ..
1104 3900 1216 3962 serotina,
1234 3899 1258 3951 d.

141 4014 172 4025 ...
190 3975 307 4038 praecoci,
325 3976 386 4029 sad
403 3974 490 4039 (codd.
503 3971 573 4036 (tel.)
592 3972 726 4038 praecocia,
738 3973 771 4022 Κ.
789 4012 821 4021 ..
839 3969 957 4033 strutheis,
974 3972 997 4020 d.
1020 3971 1122 4031 straten,
1135 3985 1159 4020 a.
1178 4009 1208 4019 ..
1228 3973 1260 4030 ct,

141 4044 167 4091 d.
179 4058 216 4102 er,
232 4060 254 4093 a.
273 4084 304 4093 -
322 4042 412 4109 cubilis,
428 4045 453 4094 d.
472 4083 503 4095 ...
521 4041 637 4104 inobtusa,
654 4059 677 4093 a.
697 4081 728 4093 ..
746 4038 837 4101 contiis,
852 4055 876 4091 a.
895 4078 926 4088 ..
944 4054 962 4086 a
976 4035 1094 4100 strutheis,
1110 4040 1184 4089 codd.
1201 4035 1259 4088 Gal.

142 4110 245 4171 strateir,
257 4113 300 4161 ad.

176 4178 244 4240 5³9.
262 4174 351 4226 diversi
358 4179 458 4244 paneros,
469 4180 516 4229 D².
535 4177 630 4241 diversi,
640 4179 707 4229 Dla.
726 4173 829 4238 diense,
841 4173 894 4225 Td.
914 4213 944 4223 ..
960 4169 1090 4224 'dictasunt
1103 4178 1141 4235 la,
1157 4179 1213 4225 112.
1228 4213 1259 4223 ..

142 4259 188 4293 non
200 4249 230 4306 et,
242 4259 264 4294 a
282 4258 335 4308 non,
348 4248 372 4297 d.
1150 4254 1153 4259 ’
