2896 4800
1097 172 1124 211 'i‘

352 306 420 354 sm.
437 306 485 352 rx.
514 304 593 352 csr.
609 299 802 351 xx-xxrv.
830 300 928 349 snos.
943 304 1034 348 aaa
1197 280 1258 351 168

137 448 217 528 teles
248 479 397 547 zmyrum
429 467 525 523 vocat
556 475 677 521 marem
710 453 767 539 qui
792 463 942 543 generet;
979 453 1150 522 discrimen
1176 476 1258 534 esse,

135 561 224 649 quod
249 582 383 628 murena
410 556 500 624 varia
527 566 561 624 et
586 555 713 621 infirma
739 555 791 634 sit,
824 576 955 640 zmyrus
979 555 1123 623 unicolor
1147 568 1181 624 et
1204 580 1258 625 ro·

135 665 252 730 bustus
280 660 453 745 dentisque
482 669 573 726 erma
600 680 637 724 os
657 656 783 724 habeat.
819 656 859 722 In
882 654 990 723 Gallia
1017 654 1258 744 septentrionali

135 766 278 832 murenis
310 761 459 831 omnibus
491 760 624 827 dextera
649 758 684 823 in
710 757 841 824 maxilla
868 766 1020 845 septenae
1046 759 1190 826 maculae
1217 760 1260 826 ad

135 867 273 933 formam
300 861 527 950 septentrionis
554 881 652 926 aureo
678 857 783 926 colore
811 856 939 946 fulgent
960 859 1128 926 dumtaxat
1147 860 1259 928 viven-

137 966 226 1032 tibus
257 965 442 1052 pariterque
473 984 548 1029 cnm
576 960 684 1026 anima
711 960 948 1049 exstinguntur.
984 959 1114 1028 Invenit
1140 962 1175 1026 in
1200 960 1260 1029 hoc
1274 975 1305 1024 ιι

137 1067 268 1134 animali
295 1066 488 1133 documenta
516 1063 669 1130 saevitiae
696 1057 821 1129 Vedius
849 1060 952 1129 Pollio
975 1085 1073 1149 eques
1094 1062 1260 1129 Romanus

138 1192 180 1237 ex
208 1168 320 1235 amicis
346 1167 414 1234 divi
439 1164 587 1256 Augusti
613 1162 745 1232 vivarfis
771 1186 881 1231 earum
902 1164 1088 1254 inmergens
1110 1165 1262 1232 damnata

136 1271 309 1357 mancipia,
330 1290 395 1335 non
416 1278 580 1354 tamquam
601 1266 643 1332 ad
663 1265 725 1332 hoc
745 1264 824 1332 ieris
846 1275 1004 1332 terrarum
1018 1287 1084 1334 non
1098 1267 1259 1334 sufficien-
1330 1320 1333 1325 .

137 1371 236 1451 tibus,
265 1371 323 1437 sed
343 1370 421 1456 quia
440 1370 475 1436 in
501 1369 564 1435 alio
592 1388 711 1456 genere
740 1376 841 1433 toturn
870 1367 991 1454 pariter
1011 1369 1172 1436 hominem
1193 1369 1260 1436 dis-

72 1552 75 1556 ,
137 1472 222 1538 trahi
253 1482 398 1559 spectare
428 1491 495 1537 non
521 1479 657 1557 poterat.
692 1466 818 1535 Ferunt
852 1471 935 1536 aceti
960 1480 1062 1558 gustu
1086 1471 1262 1558 praecipue

137 1587 192 1640 eas
213 1573 248 1638 in
268 1573 391 1640 rabiem
412 1565 475 1660 agi.
499 1570 738 1639 Tenuissimum
759 1568 810 1636 his
833 1580 956 1657 tergus,
978 1583 1089 1640 contra
1110 1572 1261 1660 anguillis

136 1673 276 1740 crassius
305 1696 407 1760 eoque
434 1673 597 1740 verberari
625 1672 735 1738 solitos
764 1671 862 1737 tradit
882 1668 1017 1743 Verrius
1042 1683 1262 1761 praetextatos

136 1785 169 1841 et
189 1774 231 1842 ob
252 1775 287 1839 id
307 1776 440 1842 multam
460 1773 511 1840 his
532 1774 598 1841 dici
618 1795 684 1840 non
703 1773 892 1840 institutam.

177 1874 314 1944 XXIV.
335 1878 389 1942 40.
423 1874 600 1943 Planorum
630 1875 769 1962 piscium
800 1872 937 1941 alterum
964 1885 1015 1941 est
1040 1897 1145 1962 genus
1172 1873 1260 1959 quod
1274 1887 1305 1936 rs

135 2000 195 2064 pro
218 1978 310 2065 spina
325 1977 545 2065 cartilaginem
559 1977 667 2055 habet,
689 1987 727 2041 ut
739 1975 838 2055 raiae,
860 1975 1057 2062 pastinacae,
1080 1975 1260 2060 squatinae,

136 2079 271 2166 torpedo
302 2088 334 2146 et
366 2101 448 2164 quos
480 2079 585 2159 bovis,
620 2076 745 2156 lamiae,
782 2076 919 2161 aquilae,
955 2098 1053 2142 ranae
1078 2075 1261 2143 nominibus

137 2177 259 2246 Graeci
280 2181 459 2266 appellant,
482 2200 547 2264 quo
568 2181 602 2244 in
623 2200 758 2244 numero
777 2187 852 2242 sunt
867 2175 972 2262 squali
985 2196 1124 2261 quoquc,
1146 2198 1260 2262 quam·
1351 2200 1354 2205 ·

136 2280 186 2345 vis
208 2302 273 2345 non
294 2280 394 2365 plani.
415 2278 509 2345 Haec
531 2277 658 2345 Graece
685 2277 721 2343 in
742 2278 927 2344 universum
949 2279 1065 2362 σελάχη
1087 2277 1263 2364 appellavit

136 2377 330 2446 Aristoteles
351 2380 485 2467 primus,
507 2378 570 2446 hoc
591 2380 719 2446 nomine
742 2380 788 2446 eis
809 2378 966 2467 inposito;
988 2401 1049 2446 nos
1064 2378 1263 2468 distinguere

138 2504 202 2548 non
227 2503 403 2568 possumus
429 2482 492 2549 nisi
521 2482 550 2548 si
577 2481 785 2571 conflaginea
810 2482 971 2569 appellare
997 2480 1107 2548 libeat.
1143 2479 1287 2548 Omnia.

138 2592 248 2649 autem
270 2584 437 2650 carnivora
459 2593 534 2652 sunt
560 2583 637 2650 talia
666 2595 699 2651 et
725 2584 841 2672 supina
868 2595 1054 2663 vescuntur,
1074 2593 1112 2649 ut
1135 2571 1171 2650 in
1192 2583 1262 2651 del·

138 2683 248 2770 phinis
281 2685 421 2751 diximus
428 2712 438 2766 3
481 2696 513 2752 et
544 2709 618 2753 oum
650 2685 753 2752 ceteri
787 2686 893 2773 pisces
924 2709 986 2753 ova
1018 2684 1162 2774 pariant,
1201 2684 1263 2753 hoc

139 2806 245 2874 genus
274 2789 377 2854 solum
405 2797 443 2853 ut
469 2809 507 2854 ea
535 2810 619 2874 quae
648 2797 718 2853 cete
744 2788 909 2874 appellant
933 2789 1054 2854 animal
1074 2787 1170 2873 parit,
1204 2809 1266 2852 ex-

140 2897 235 2974 cepta
255 2910 353 2973 quam
373 2911 484 2954 ranam
505 2897 632 2955 vocant.

141 3097 172 3106 -
191 3053 282 3120 lapsas,
293 3059 318 3108 d.
340 3055 474 3122 inpressit.
497 3056 600 3124 elapsos,
611 3059 637 3112 Κ
649 3055 736 3123 (codd
747 3058 868 3124 Massar.)
886 3100 918 3111 ..
937 3065 1034 3125 pausat,
1046 3061 1071 3111 d.
1087 3101 1120 3111 ..
1144 3056 1265 3110 Arabae·

141 3121 182 3184 les,
196 3125 255 3174 hist.
268 3126 345 3177 anim.
359 3131 436 3188 5,10.
448 3143 474 3192 p.
487 3133 554 3179 543⁸
566 3133 607 3179 24.
626 3167 659 3178 ..
680 3143 786 3192 zmyrum
798 3137 824 3178 et
833 3143 935 3193 empna,
946 3120 1112 3180 ROSTdK
1135 3142 1227 3192 myram
1238 3135 1265 3181 tt

140 3206 229 3254 myron,
245 3195 320 3243 codd.
335 3196 442 3245 Massar.
458 3190 509 3260 βγ.
528 3235 560 3244 ..
582 3200 685 3259 perrorat,
699 3195 755 3246 Rd.
775 3202 881 3258 generat,
897 3190 947 3258 βγ.
966 3235 998 3246 ..
1020 3201 1051 3257 et,
1066 3210 1118 3245 om.
1138 3197 1162 3245 d
1184 3232 1216 3244 ..
1239 3191 1266 3243 ia

132 3258 228 3323 forma,
240 3258 294 3311 Rd.
312 3302 345 3311 ..
362 3261 429 3311 intro
439 3270 510 3314 exoa
521 3279 555 3324 oa,
566 3263 633 3315 Pina
652 3303 685 3313 ..
703 3260 810 3324 dextera,
822 3263 854 3314 R.
872 3260 966 3323 derna
978 3258 1051 3326 ᾱβγ.

174 3328 243 3390 ξ77.
264 3336 379 3394 marre,
393 3332 426 3383 R.
448 3330 559 3396 spectari,
574 3326 624 3392 (Ιβ.
648 3371 681 3382 ...
704 3329 780 3392 rabis,
798 3332 822 3380 d
843 3353 879 3381 ·..
906 3329 1089 3392 Lasoises‘mum,
1104 3332 1212 3381 Massar.
1231 3370 1263 3378 ..

139 3398 273 3513 ffl’fil‘
292 3438 325 3514 d..
342 3397 462 3462 multata,
474 3402 498 3451 d.
515 3397 599 3463 malta,
611 3399 643 3450 R.
657 3439 690 3450 ...
707 3393 764 3461 clici,
776 3400 831 3450 Rd.
850 3394 915 3463 dicit,
926 3393 956 3461 β.
975 3440 1007 3451 ..
1025 3398 1141 3463 instituta,
1154 3400 1178 3450 d.
1196 3396 1266 3446 iasa‘«

178 3478 225 3522 am,
264 3481 316 3516 ar.

175 3527 191 3586 ἓ
205 3531 245 3579 78.
262 3537 289 3606 at
299 3530 377 3592 raiae,
387 3530 494 3583 Barbas.
517 3543 639 3599 atropos,
654 3527 712 3587 θΤ.
735 3542 827 3599 tropas,
840 3535 893 3585 Rd.
912 3577 944 3586 ..
966 3534 1072 3587 Graecia
1083 3533 1265 3598 appellarant.

142 3633 175 3642 -
187 3592 276 3672 equeb,
287 3598 334 3646 Rd
346 3595 433 3659 (codd
446 3600 554 3652 Salmas.
566 3617 650 3652 exerc.
661 3619 687 3666 p.
701 3608 759 3653 941.
771 3618 795 3652 a.
807 3601 853 3664 D.)
871 3601 968 3665 squalii,
981 3604 1055 3652 codd.
1065 3603 1143 3652 Turn.
1156 3601 1212 3649 adv.
1225 3603 1267 3659 13,

143 3665 185 3710 22.
202 3658 274 3725 pales,
291 3662 407 3724 Messon,
424 3664 536 3718 salvian.
549 3671 580 3719 de
592 3670 698 3730 aquatil.
709 3669 757 3720 fol.
771 3675 812 3719 84.
823 3670 848 3719 b.
861 3677 887 3718 et
898 3670 1009 3719 Turneb.
1030 3667 1113 3730 macti
1121 3667 1163 3716 vel
1174 3664 1265 3728 quasi-

142 3743 196 3789 aae,
209 3727 313 3779 Gesner.
326 3744 438 3780 enumer.
450 3741 536 3794 aqnat.
549 3749 574 3797 p.
588 3740 628 3784 59.
641 3743 667 3785 et
677 3736 736 3786 hist
749 3735 827 3785 anim.
840 3741 864 3793 4,
878 3741 935 3784 182.
948 3741 1006 3785 888.
1028 3731 1112 3796 aquilii
1122 3734 1139 3782 i.
1152 3748 1174 3783 e.
1189 3730 1266 3797 scylli,

142 3795 251 3847 Salmas.
273 3797 754 3865 Asv.1sonrelesaepisee.p.soa
774 3841 807 3851 ..
827 3799 927 3863 Graece,
939 3803 971 3852 R.
1000 3798 1115 3861 Graecia,
1131 3800 1214 3852 TKd.
1233 3836 1265 3850 ..

142 3862 242 3926 mdadie,
254 3864 286 3915 R.
304 3905 337 3915 ..
354 3863 502 3927 Aristoteles,
514 3868 574 3917 hist.
586 3867 663 3917 anim.
677 3873 700 3927 5,
714 3874 737 3917 5.
749 3883 774 3931 p.
788 3871 856 3918 5401>
870 3871 910 3918 17.
927 3908 959 3918 ..
978 3866 1071 3917 masiae
1081 3867 1123 3927 sis,
1134 3869 1167 3918 B.
1184 3883 1267 3918 noman

63 3982 65 3986 Α
143 3930 185 3993 eis,
197 3934 230 3982 Κ.
248 3948 339 3996 noman,
356 3934 410 3983 Td.
427 3973 460 3983 ..
478 3933 503 3983 in
516 3933 660 3998 possitonua
675 3935 707 3985 R.
729 3933 839 3998 imposuit
853 3950 919 3996 onas,
937 3933 991 3986 Td.
1009 3976 1042 3985 -
1060 3951 1165 3999 possum,
1180 3936 1214 3987 B.
1233 3978 1265 3988 ..
1357 3963 1363 3979 ·

143 3997 234 4063 nisisi,
250 3993 324 4052 aar.
346 3999 400 4063 nisi,
417 3997 488 4065 ᾶβγ.
507 4043 537 4051 -
557 4000 711 4066 cartilopiaq
723 4004 776 4054 Rd.
794 4042 827 4052 ..
849 4002 985 4065 carnivora,
1000 4005 1075 4055 RTd
1092 4002 1180 4068 (codd.
1196 4007 1266 4056 Mas·

144 4069 206 4127 aar.)
236 4068 387 4131 carnosiora,
408 4086 427 4120 r.
450 4112 482 4120 .-
505 4068 609 4119 <ibimus
626 4073 641 4134 ξ
658 4076 698 4121 20.
728 4070 848 4122 Ceterum
863 4085 887 4122 r.
905 4071 1013 4125 Ariston
1029 4073 1089 4124 hist
1100 4075 1183 4126 vsessim.
1200 4080 1224 4133 8,
1241 4080 1266 4125 2.

145 4147 170 4192 p.
189 4140 256 4185 5111ει
272 4141 295 4186 9.
314 4144 339 4187 et
350 4144 414 4202 part.
426 4139 503 4189 anim.
521 4145 545 4200 4,
564 4144 603 4189 la.
620 4153 645 4203 p.
659 4136 727 4190 6961)
744 4145 785 4189 23.
804 4179 836 4190 .-
854 4155 948 4204 ronam,
959 4156 984 4192 v.
995 4141 1104 4194 Aristot.
1117 4143 1176 4193 hist.
1189 4141 1266 4192 anim.

147 4202 170 4257 6,
185 4201 223 4248 10.
236 4214 260 4262 p.
275 4202 341 4254 5841)
355 4209 394 4256 15.
1045 4275 1063 4310 n
