2896 4800
374 297 444 346 ara.
459 298 508 344 rx.
538 294 812 343 cnr.xv1.xv11.
841 292 938 341 sucu.
955 294 1047 338 a-sc.
1213 274 1273 341 159

129 464 133 470 ’
195 452 246 517 29.
278 447 375 515 Nunc
400 447 601 534 principatus
629 466 719 512 scaro
745 444 841 510 datur
869 443 926 528 qui
956 444 1043 509 solus
1063 443 1201 529 piscium
1223 443 1273 510 di·
1287 468 1319 514 aa

152 553 234 621 citur
259 551 420 616 ruminare
445 547 618 631 herbisque
643 545 743 626 vesci,
775 567 841 611 uon
868 543 940 610 aliis
961 542 1114 629 piscibus,
1147 542 1274 633 Carpa-

153 654 220 720 thio
239 673 389 718 maxume
410 648 491 714 mari
511 648 681 733 frequens3
703 645 958 733 promontorium
978 643 1115 710 Troadis
1135 644 1275 713 Lectum

151 774 326 839 numquam
363 759 477 836 sponte
510 748 633 815 transit.
675 747 758 813 Inde
790 747 944 813 advectos
974 744 1106 811 Tiberio
1138 743 1275 815 Claudio

151 856 298 944 principe
321 851 465 939 Optatus
485 849 663 936 Elipertius
691 848 876 935 praefectus
903 847 1016 915 classis
1036 847 1121 912 inter
1142 845 1275 915 Ostien-

153 980 222 1024 sem
243 966 277 1022 et
298 952 497 1041 Campaniae
522 973 611 1018 oram
632 972 762 1036 sparsos
784 949 1012 1016 disseminavit
1048 946 1275 1033 Quinquennis
1289 973 1321 1018 aa

150 1058 220 1123 iere
250 1077 328 1120 cura
360 1064 411 1120 est
442 1052 585 1119 adhibita
609 1060 646 1117 ut
680 1050 767 1138 capti
792 1051 1006 1118 redderentur
1029 1049 1126 1127 urari3
1162 1059 1277 1136 postea

153 1159 339 1242 frequentes
374 1154 582 1221 inveniuntur
609 1151 724 1218 Italiae
754 1152 847 1219 litore
879 1173 944 1218 uon
976 1161 1073 1216 antea
1103 1150 1150 1217 ibi
1177 1152 1275 1238 capti,

153 1258 360 1342 admovitque
386 1255 449 1322 sibi
477 1255 554 1342 gula
575 1274 707 1341 sapores
728 1254 872 1341 piscibus
894 1254 972 1320 satis
994 1261 1027 1318 et
1047 1274 1164 1319 novom
1184 1254 1275 1320 inco·

152 1362 218 1426 lam
237 1359 319 1424 mari
341 1357 440 1436 dedit,
467 1378 510 1422 ne
532 1356 606 1440 quis
627 1355 818 1442 peregrinas
839 1354 909 1422 avis
929 1345 1052 1421 Romae
1077 1375 1193 1440 parere
1213 1352 1275 1418 mi·

153 1471 253 1527 retur.
302 1459 465 1525 Proxuma
501 1467 549 1524 est
584 1479 697 1523 mensa
727 1456 826 1523 iecori
855 1456 1024 1523 dumtaxat
1054 1456 1275 1534 mustelarum,

152 1583 245 1647 quas,
277 1560 395 1625 mirum
422 1559 521 1638 dictu,
553 1558 639 1625 inter
658 1557 754 1646 Alpis
780 1579 908 1644 quoque
934 1558 1023 1625 lacus
1043 1555 1177 1624 Raetiae
1198 1554 1275 1623 Bri-

152 1662 305 1749 gantinus
325 1661 469 1729 aemulas
488 1660 631 1727 murenis
652 1670 797 1749 generat.

194 1764 247 1830 30.
280 1763 335 1830 Ex
360 1762 484 1848 reliqua
510 1762 676 1830 nobilitate
706 1772 744 1829 et'
759 1763 865 1850 gratia
884 1785 1037 1830 maxuma
1057 1772 1108 1828 est
1129 1771 1162 1827 et
1183 1761 1277 1849 copia
1289 1780 1322 1825 ss

152 1866 258 1932 mullis
291 1867 385 1932 sicut.
406 1863 595 1953 magnitudo
627 1863 770 1942 modica,
805 1864 964 1949 binasque
994 1863 1094 1929 libras
1124 1863 1277 1949 ponderis

152 1987 226 2032 raro
257 1966 430 2033 admodum
456 1974 653 2051 exsuperant
675 1987 737 2031 nec
765 1966 800 2030 iu
825 1964 959 2042 vivariis
985 1962 1183 2050 piscinisque
1210 1968 1277 2030 cre·

154 2076 256 2132 scunt
299 2065 567 2153 septentrionalis
599 2073 725 2131 tantum
754 2065 814 2131 hos
847 2076 881 2132 et
911 2085 1070 2150 proxuma
1100 2063 1277 2130 occidentis

153 2177 247 2252 parte
274 2169 382 2256 gignit
402 2189 552 2233 oceanus.
585 2164 706 2232 Cetero
727 2188 848 2254 genera
872 2188 985 2232 eorum
1004 2165 1115 2252 plura3
1147 2174 1278 2230 namet
1311 2197 1315 2211 ·

153 2267 229 2354 alga
249 2277 424 2332 vescuntur
451 2277 485 2332 et
510 2267 625 2332 ostreis
648 2276 680 2332 et
699 2268 775 2332 limo
796 2277 829 2332 et
851 2266 987 2332 aliorum
1007 2265 1144 2352 piscium
1165 2287 1276 2342 carue;

153 2366 257 2432 barba
283 2366 656 2455 gemina-insigniuntur
676 2367 822 2433 inferiori
844 2366 945 2434 labro.
977 2366 1150 2433 Lutarium
1175 2387 1216 2431 ex
1236 2364 1276 2432 iis
1290 2381 1322 2427 ss

154 2468 300 2534 vilissimi
327 2468 457 2557 generis
484 2469 658 2556 appellant,
680 2506 723 2518 --
754 2468 840 2537 huuc
868 2492 997 2557 semper
1017 2469 1186 2536 comitatur
1207 2489 1277 2533 sar-

154 2591 217 2658 gus
231 2569 360 2638 nomine
374 2570 456 2637 alius
471 2571 569 2658 piscis
590 2581 625 2637 et
644 2591 781 2640 caenum
799 2571 943 2639 fodiente
964 2592 1003 2639 ec
1025 2571 1199 2638 excitatum
1220 2569 1276 2634 de·

188 2779 257 2842 §aa
270 2778 548 2844 principatus-dudae,
564 2781 618 2832 Rs.
641 2795 713 2830 scaro
729 2777 779 2831 dot.
794 2779 881 2844 princ,
891 2776 943 2846 βγ.
962 2819 992 2831 ..
1011 2778 1128 2847 chaque,
1139 2778 1208 2831 Pina
1225 2775 1275 2829 Cs-

154 2851 237 2896 terum
248 2861 272 2897 v.
280 2848 389 2899 Aneros.
398 2849 458 2899 hist.
467 2848 544 2898 anim.
557 2854 581 2910 a,
592 2851 631 2899 17.
643 2863 669 2913 p.
680 2847 747 2900 coab
759 2853 798 2899 11.
811 2855 835 2911 s,
845 2855 870 2899 a.
880 2864 906 2914 p.
917 2847 984 2901 calb
994 2854 1036 2900 aa.
1049 2854 1072 2911 a,
1083 2852 1123 2899 so.
1135 2863 1159 2912 p.
1170 2843 1239 2897 asab
1251 2851 1275 2896 e.

155 2919 181 2962 et
195 2921 260 2978 part.
276 2916 354 2964 anim.
372 2921 397 2977 8,
415 2920 455 2966 14.
470 2930 496 2980 p.
514 2914 583 2967 675b
601 2922 626 2965 3.
644 2955 677 2966 ..
695 2923 767 2980 atque
778 2931 832 2977 non,
848 2909 876 2966 θ,
895 2955 928 2965 -
949 2912 1080 2980 &spodio
1091 2914 1194 2963 murima
1204 2913 1275 2975 muri,

153 2980 207 3031 Rd.
224 2981 290 3030 mari
307 2978 379 3046 Oarp.
396 2997 469 3043 mea„
486 2977 538 3045 βγ.
557 3022 589 3032 ..
606 2980 713 3045 Lectum,
728 2985 783 3034 Rd.
806 2982 904 3045 Lecton,
916 2978 968 3048 βγ.
992 3023 1025 3032 ..
1048 2997 1175 3044 numquam
1185 2989 1276 3044 sponte,

154 3049 209 3098 Rd.
227 3064 264 3110 sp.
280 3064 368 3110 namq„
384 3042 436 3111 βγ.
454 3067 486 3098 ·..
506 3047 609 3109 transiit,
626 3051 657 3100 R.
675 3089 708 3099 ..
721 3049 833 3110 itherio,
845 3052 878 3101 R.
902 3057 944 3110 ter,
956 3050 1009 3099 Td.
1028 3088 1060 3098 ..
1085 3047 1275 3108 creavimus-

155 3115 224 3164 crob.
236 3114 271 3164 Π.
286 3120 324 3166 12.
337 3116 390 3165 sive
400 3114 451 3164 III.
464 3118 504 3165 16.
523 3156 555 3165 -
572 3114 716 3179 Elipertiaa,
732 3108 799 3167 Odr.
815 3114 959 3179 Elipersiua
970 3116 1003 3166 Τ.
1019 3113 1161 3174 Εἰῶονιίιιε,
1172 3115 1204 3164 Β.
1222 3113 1276 3162 eli-

71 3185 74 3189 '
151 3181 225 3301 w
236 3181 293 3245 aas,
304 3183 378 3233 codd.
391 3181 448 3234 Gel.
459 3177 489 3245 β,
502 3185 571 3248 quod
582 3181 693 3247 praetere
704 3182 810 3235 Gesner.
821 3183 882 3234 hist.
894 3184 971 3234 cuim.
983 3189 1008 3245 4,
1021 3188 1079 3233 661.
1095 3181 1188 3242 Diria,
1201 3182 1268 3232 codd

210 3265 260 3300 sar.
1266 3278 1269 3285 ·

186 3340 201 3403 §
214 3347 255 3393 66.
274 3357 340 3404 caro,
352 3343 377 3394 d.
394 3358 457 3406 eure,
468 3338 501 3397 R.
518 3343 563 3395 Ab
579 3352 689 3410 unoque
703 3345 823 3424 librouest
839 3345 922 3408 abest,
933 3345 1018 3424 ‘cuius
1028 3343 1165 3408 vestigium
1176 3343 1203 3393 iu
1214 3342 1276 3393 scri-

152 3410 269 3527 titt
285 3420 407 3540 ma
434 3412 671 3533 addidit?
699 3411 836 3532 ‘ccviii'
851 3411 1045 3534 Rama,
1059 3408 1111 3528 dt·
1127 3418 1278 3531 {ciiii

153 3540 188 3601 in,
198 3543 232 3592 Κ.
250 3550 285 3590 eat
296 3515 388 3606 laps
401 3520 437 3596 ἶ
451 3547 530 3610 iecori,
541 3498 622 3600 ninid.
637 3523 726 3613 parma,
738 3499 925 3614 Pl’‹lr.·pe-ce‹›9ri,
937 3519 969 3599 Rs
983 3518 1086 3614 pencris,
1099 3517 1156 3598 S'K.
1172 3515 1276 3610 pencris,

37 3657 43 3661 ,
152 3603 181 3670 β.
203 3609 249 3660 Uti
260 3610 394 3660 Harduino
412 3614 444 3662 ds
461 3615 517 3676 ipsa
530 3630 594 3666 voce
605 3619 740 3681 assentior,
756 3618 794 3667 ita
809 3616 894 3667 iecoris
910 3631 958 3680 ego
976 3618 1086 3667 scribere
1102 3614 1200 3674 malim,
1217 3627 1276 3660 cum

152 3676 251 3726 dativus
262 3676 362 3726 nullum
373 3680 490 3728 admittat
502 3683 707 3744 explicationem.
720 3723 753 3734 ...
772 3682 839 3732 lucus
850 3698 948 3748 quoque,
960 3686 985 3733 d.
999 3723 1031 3732 ..
1048 3679 1218 3745 Bripantinus,
1229 3679 1276 3730 Rd

152 3741 239 3807 (codd.
250 3741 371 3807 Massar.)
388 3743 542 3808 Bripantias‚
553 3744 582 3810 β.
600 3789 633 3799 ..
651 3749 762 3812 murenis,
774 3752 837 3801 R²r.
859 3749 968 3811 madan,
984 3744 1100 3811 Russr,
1117 3749 1187 3811 quod
1202 3761 1275 3811 prae·

151 3811 201 3863 fert
212 3811 326 3875 Scaliger
337 3814 370 3862 ad
380 3811 490 3863 Aristot
501 3813 562 3864 hist.
574 3815 652 3865 anim.
663 3815 700 3865 IL
714 3822 754 3879 16,
767 3821 825 3867 166.

185 3907 201 3969 5
214 3911 254 3956 64.
273 3912 314 3967 eat,
326 3921 377 3957 om.
390 3908 414 3958 d.
434 3946 466 3955 ..
484 3904 598 3970 diemque
610 3904 695 3970 1112111,
706 3923 730 3958 v.
742 3909 856 3960 Macrob.
869 3909 970 3960 Satura.
982 3915 1007 3969 2,
1022 3914 1061 3960 12.
1079 3948 1111 3958 ..
1129 3905 1274 3972 Smtentmo-

152 3971 226 4034 naus,
237 3974 292 4024 Rd.
311 4013 343 4022 -
362 3981 443 4037 parte,
454 3974 538 4026 BTd.
561 3981 703 4040 portensa,
719 3970 749 4037 β.
767 4015 800 4026 ...
818 3983 905 4038 cetera,
922 3992 942 4027 r.
960 4015 993 4027 ..
1009 3991 1098 4042 persero
1115 3992 1202 4039 eorum,
1217 3977 1273 4029 Rd.

153 4055 231 4089 eorum
246 4056 343 4105 pecora,
358 4037 410 4106 βγ.
424 4082 462 4092 ...
480 4058 535 4091 num
551 4050 581 4104 et,
599 4058 650 4094 om.
665 4060 687 4094 r.
713 4042 835 4096 Ceterum
849 4046 900 4096 vid.
912 4044 1019 4096 Aristct.
1037 4045 1096 4096 hist.
1112 4046 1190 4097 anim.
1208 4052 1232 4106 6,
1249 4052 1273 4096 2.

152 4121 177 4170 p.
191 4112 257 4158 591⁶
270 4115 310 4159 12.
329 4149 361 4159 ..
381 4110 460 4167 barbe,
472 4109 504 4161 R.
522 4119 546 4160 et
557 4111 641 4174 bardo,
652 4113 724 4163 Tdr.

186 4187 202 4249 ξ
215 4195 256 4241 66.
272 4190 410 4256 Lutatium,
422 4196 439 4244 d
451 4191 538 4255 (codd.
549 4192 669 4260 Massar.)
682 4192 838 4259 'deturarium
850 4197 882 4248 R.
900 4193 1039 4262 elaterium
1051 4199 1159 4252 Merula.
1177 4240 1209 4250 ..
1228 4197 1274 4262 lais,

152 4258 177 4307 d.
196 4295 227 4308 ..
244 4257 392 4322 aosodimte,
404 4263 428 4313 d.
446 4262 480 4313 V.
492 4262 601 4317 Aristot.
613 4264 673 4318 hiat.
685 4264 762 4317 euim.
774 4268 799 4327 6,
812 4269 836 4316 2.
846 4279 872 4330 p.
887 4263 954 4318 calb
968 4271 1008 4317 19.
