2896 4800
138 238 202 303 444
487 251 691 301 uaruasars
713 250 908 300 merosus

138 404 399 473 conmendations
420 403 584 470 credidere
604 404 645 469 L.
666 404 821 470 Pisonem
845 403 935 470 urbis
955 401 1077 469 Romae
1098 423 1197 470 curae
1221 406 1268 472 ab

139 529 176 573 eo
199 506 375 584 delectum,
398 507 485 591 quod
505 505 605 571 biduo
628 503 817 590 duabusque
838 504 986 571 noctibus
1006 505 1268 590 perpotationem

138 609 356 675 continuasset
386 608 475 694 apud
506 607 613 692 ipsum
644 607 710 671 iam
740 605 936 693 principem3
971 626 1033 671 nec
1060 606 1123 674 alio
1137 668 1140 673 .
1154 608 1267 696 magis

137 707 265 776 Drusus
282 705 406 774 Caesar
425 729 633 795 regenerasse
653 717 778 795 patrem
791 707 959 774 Tiberium
980 706 1154 773 ferebatur.
1177 707 1266 774 Tor·

136 822 234 897 quate
254 833 327 876 rara
347 810 465 899 gloria,
493 810 623 894 quando
650 820 683 875 et
707 809 788 875 haec
809 830 862 874 ars
884 808 952 874 suis
972 808 1099 896 legibus
1121 819 1265 889 constat,

135 934 201 978 non
225 912 353 978 labasse
384 932 578 990 sermonem,
607 932 672 976 non
692 912 833 976 levatum
854 910 1045 989 vomitione,
1074 931 1139 975 non
1160 910 1268 976 altera

136 1013 280 1101 corporis
300 1022 409 1099 parta,
432 1012 510 1078 dum
531 1012 671 1091 biberet3
700 1011 874 1079 matutinas
894 1011 1001 1078 obisse
1021 1010 1163 1099 vigilias,
1186 1012 1265 1098 plu·
1281 1029 1328 1075 us

135 1136 263 1180 ramum
283 1114 430 1181 hausisse
454 1138 519 1181 uno
540 1126 636 1203 potu,
661 1115 848 1201 plurumum
872 1123 1040 1200 praeterea
1060 1112 1132 1180 aliis
1152 1113 1264 1180 mino-
1356 1116 1360 1123 ’

136 1217 228 1281 ribus
255 1215 434 1293 addidisse,
470 1227 604 1303 optuma
631 1215 696 1282 fide
725 1237 792 1281 non
818 1215 997 1303 respirasse
1020 1216 1055 1279 in
1081 1213 1265 1284 hauriendo
1315 1238 1318 1242 ’

135 1341 241 1403 neque
263 1318 431 1404 exspuisse
451 1318 593 1404 nihilque
614 1318 658 1384 ad
679 1316 863 1383 elidendum
882 1317 917 1383 in
931 1315 1125 1404 pavimentis
1144 1337 1264 1382 sonum

137 1442 179 1486 ex
199 1419 274 1484 vino
295 1419 480 1502 reliquisse,
510 1419 656 1506 diligenti
677 1419 759 1486 scito
779 1418 889 1506 legum
910 1428 1021 1484 contra
1041 1417 1176 1483 bibendi
1198 1418 1262 1484 ial-

136 1521 244 1586 lacias.
276 1519 419 1606 Tergilla
441 1517 592 1586 Ciceroni
612 1519 661 1584 M
682 1519 723 1584 F.
745 1519 838 1585 binos
860 1519 994 1607 congios
1015 1519 1111 1584 simul
1131 1519 1264 1584 haurire

137 1621 265 1684 solitum
285 1619 349 1705 ipsi
369 1619 468 1686 obicit
480 1618 659 1704 Marcoque
672 1619 842 1709 Agrippae
863 1643 884 1685 a
904 1621 1078 1687 temulento
1101 1619 1264 1706 scyphum

135 1721 316 1806 inpactum3
345 1720 462 1788 etenim
482 1721 563 1789 haec
591 1733 666 1788 sunt
687 1720 852 1787 ebrietatis
873 1743 983 1806 opera.
1020 1719 1089 1788 Sed
1109 1720 1263 1786 nimirum
1278 1734 1325 1782 147

135 1823 218 1888 hanc
249 1823 384 1912 gloriam
415 1824 543 1890 auferre
571 1821 688 1890 Cicero
718 1823 820 1891 voluit
850 1823 1047 1890 interfectori
1077 1822 1180 1909 patris
1210 1823 1263 1888 sui

135 1923 185 1989 M.
213 1924 374 2002 Antoni03
409 1926 440 1991 is
472 1925 556 1991 enim
585 1936 659 1991 ants
687 1947 761 1990 eum
792 1924 978 1991 avidissime
1005 1923 1263 2012 adprehenderat

135 2025 220 2091 hano
250 2028 390 2113 palmam
417 2027 503 2092 edito
530 2027 625 2092 etiam
651 2026 813 2092 volumine
839 2027 879 2092 de
907 2049 966 2092 sua
993 2025 1163 2103 ebrietate,
1195 2047 1262 2110 quo
1309 2017 1312 2024 ¹

135 2127 328 2213 patrocinari
350 2127 412 2194 sibi
433 2150 531 2194 ausus
552 2127 744 2215 adprobavit
765 2127 870 2212 plane,
893 2139 931 2192 ut
944 2127 1093 2212 equidem
1112 2127 1262 2204 arbitror,

135 2239 257 2314 quanta
278 2230 362 2295 mala
381 2252 440 2316 per
461 2229 680 2295 temulentiam
702 2238 860 2294 terrarum
880 2229 950 2295 orbi
971 2230 1141 2295 intulisset.
1175 2227 1261 2294 Exi·
1275 2242 1324 2288 14⁸

135 2352 201 2418 guo
230 2341 373 2417 tempore
400 2341 475 2396 ante
501 2332 660 2419 proelium
680 2330 851 2398 Actiacum
878 2331 913 2395 id
934 2331 1085 2397 volumen
1106 2331 1260 2410 evomuit,
1328 2401 1331 2406 ,

135 2454 199 2517 qua
220 2433 315 2499 facile
338 2432 543 2521 intellegatur
570 2432 679 2500 ebrius
706 2433 770 2498 iam
797 2432 953 2519 sanguine
974 2432 1095 2498 civium
1116 2441 1149 2498 et
1170 2442 1261 2497 tanto

135 2535 239 2620 magis
265 2555 339 2598 eum
366 2534 488 2600 sitiens.
522 2533 671 2620 Namque
699 2533 838 2600 ethaeo
863 2533 1038 2599 necessitas
1064 2533 1178 2599 vitium
1203 2556 1261 2599 co-

136 2633 269 2697 mitetur
288 2644 325 2699 ut
345 2635 478 2700 bibendi
500 2636 698 2701 consuetudo
720 2646 838 2723 augeat
862 2635 1058 2714 aviditatem,
1081 2635 1262 2719 scitumque

137 2743 187 2798 est
210 2730 405 2817 Scytharum
432 2735 546 2822 legati,
574 2747 695 2820 quanto
722 2738 795 2824 plns
817 2737 958 2803 biberint
978 2747 1069 2802 tanto
1089 2739 1193 2826 magis
1214 2737 1260 2801 si·

137 2835 197 2900 tire
218 2834 366 2900 Parthos.

179 2937 230 3001 29.
263 2935 328 3002 Est
349 2947 381 3003 et
401 2937 576 3004 occidentis
597 2939 726 3027 populis
748 2963 807 3006 sua
834 2940 972 3007 ebrietas
998 2941 1094 3028 fruge
1120 2939 1260 3019 madida,
1276 2952 1326 2998 14⁹

136 3037 284 3124 pluribus
313 3038 418 3105 modis
444 3062 505 3126 per
535 3038 660 3107 Gallias
685 3041 945 3130 Hispaniasque,
978 3040 1161 3107 nominibus
1189 3041 1263 3106 aliis

136 3141 197 3206 sed
221 3142 345 3208 ratione
372 3141 501 3219 eadem3
530 3141 712 3230 Hispaniae
738 3145 803 3211 iam
830 3154 864 3210 et
889 3153 1085 3210 vetustatem
1109 3144 1194 3209 ferre
1223 3165 1264 3208 ea

137 3265 257 3329 genera
278 3245 464 3310 docuerunt.
500 3243 675 3332 Aegyptus
697 3268 824 3331 quoque
848 3268 865 3311 e
886 3245 981 3334 fruge
1009 3245 1071 3311 sibi
1094 3254 1191 3332 potus
1215 3243 1262 3308 si·

135 3346 220 3412 milis
248 3345 443 3432 excogitavit
468 3346 619 3432 nullaque
647 3348 681 3412 in
709 3357 800 3433 parte
828 3346 939 3412 mundi
973 3353 1076 3433 cessat
1102 3343 1259 3419 ebrietas3

171 3573 257 3635 §lah
281 3585 360 3633 curae,
376 3568 468 3622 suad
480 3569 566 3635 (codd.
583 3569 654 3635 (ish)
677 3578 816 3634 carcarem,
832 3573 865 3624 K.
883 3612 916 3622 ..
940 3570 1049 3622 dimotum
1066 3586 1089 3620 a„
1107 3609 1139 3618 ..
1162 3565 1264 3630 deqeae·

139 3654 212 3701 rasse,
230 3655 246 3688 a
258 3635 397 3702 (Mnrbae.)
415 3680 447 3689 ..
462 3639 568 3702 serebat,
585 3640 700 3691 Murbac.
719 3682 750 3690 ..
777 3639 906 3703 Torquato,
927 3632 1038 3690 OTadr
1054 3637 1140 3701 (codd
1155 3635 1264 3686 Barbari

139 3714 166 3756 et
176 3703 296 3768 Budaei.)
318 3706 441 3770 Torquati,
452 3703 482 3768 β.
504 3707 591 3757 Τήσοη
608 3707 634 3770 ii,
644 3709 748 3758 Barbar.
760 3749 792 3757 ..
803 3724 940 3770 samonem,
956 3700 985 3757 θ.
1002 3720 1115 3767 samone,
1128 3699 1220 3767 adssr.
1230 3744 1262 3753 -

141 3791 187 3822 uon
200 3772 308 3835 levatum,
321 3777 383 3825 adr.
401 3791 443 3823 uec
455 3724 606 3837 reversuri.
625 3816 657 3825 -
676 3774 736 3837 alta,
748 3777 793 3826 ad
811 3774 870 3839 alia,
883 3776 914 3825 Τ.

173 3861 258 3924 5146.
272 3866 408 3924 praeterea,
420 3862 444 3910 d.
463 3867 599 3924 propterea,
615 3852 644 3910 θ.
668 3860 726 3911 Om.
739 3876 762 3910 a.
780 3901 812 3908 -
834 3875 947 3920 romaum,
960 3860 1034 3910 Tad.
1056 3872 1176 3919 summum,
1189 3857 1263 3905 codd.

139 3926 252 3977 Barbari.
271 3969 303 3977 ..
322 3925 450 3992 diliqentis,
463 3929 487 3976 d.
506 3969 538 3977 ..
558 3925 658 3988 bibendi,
670 3931 694 3979 d.
714 3926 843 3987 habendum,
859 3922 909 3978 Oa.
928 3927 1051 3992 bibentum,
1063 3927 1152 3976 Dalec.
1171 3964 1202 3973 ..
1223 3919 1264 3972 Οἰ-

140 3993 225 4054 cesai,
237 4011 260 4045 a.
285 3991 410 4055 Ciceronis,
422 4010 442 4044 r.
468 3991 610 4057 Ciceronem,
627 3990 676 4057 ᾱβ.
695 4037 726 4045 ..
745 3995 878 4058 Marcoque
894 3994 1027 4059 Aqrippae,
1040 3997 1064 4044 d.
1087 3992 1265 4056 Marcoqaaa.

141 4059 292 4124 marcidaque
304 4079 341 4126 ac,
352 4081 372 4114 r.
391 4061 523 4126 Marcoque
534 4062 661 4128 Aqrr'ppae
672 4080 689 4113 a
700 4060 807 4113 orarcr‘do
817 4070 840 4112 et
852 4060 980 4124 temulento,
992 4061 1024 4111 K.

174 4145 189 4208 ξ
204 4147 259 4196 147.
274 4147 360 4210 patrio
370 4163 423 4210 rua,
435 4164 459 4198 a.

175 4230 191 4292 5
205 4233 260 4281 149.
279 4229 381 4296 efruqa,
390 4249 413 4284 a.
431 4239 454 4281 et
458 4231 543 4297 fraqe,
556 4235 580 4282 d.
