2896 4800
426 267 969 319 mmmmm&
1191 250 1306 314 w.

138 432 205 491 tota
225 425 395 500 radicatur,
424 422 537 488 sedin
557 421 698 500 frutices,
726 421 846 486 nonin
868 420 1014 486 arborem
1021 445 1029 498 ;
1061 441 1139 507 ergo
1160 419 1253 507 plan-

139 527 221 592 taria
250 525 423 590 instituunt
455 521 682 606 anniculasque
715 521 910 586 transferunt
932 531 965 586 et
991 521 1108 585 iterum
1133 521 1237 586 bimas
1244 545 1253 597 3

138 627 282 713 gandent
307 625 392 692 enim
412 624 587 690 mutatione
608 623 712 702 sedis,
742 645 842 688 verna
862 622 956 701 alibi,
982 623 1018 686 in
1039 622 1176 706 Assyria
1197 645 1256 687 au-

35 722 42 729 ’
139 741 203 793 tem
225 728 310 794 circa
332 727 420 794 canis
440 737 542 793 ortus.
577 725 645 792 Nec
670 726 754 790 ferro
775 725 935 812 attingunt
954 723 999 788 ibi
1020 723 1172 800 novellas,
1199 721 1302 788 seder

138 829 274 917 religant
296 851 402 895 comas
422 839 461 894 ut
485 829 520 893 in
540 827 741 895 altitudinem
770 835 899 901 exeant3
927 824 1075 890 robustas
1102 824 1258 911 deputant

138 931 360 996 crassitudinis
381 929 495 1017 gratia,
518 928 723 1016 semipedalis
743 948 904 991 ramorum
925 937 1054 991 truncos
1074 924 1257 1009 relinquen-

139 1042 197 1111 tes,
220 1031 276 1116 qui
298 1031 397 1097 decisi
418 1031 495 1097 alibi
515 1041 630 1096 necant
650 1038 796 1095 matrem.
831 1027 982 1092 Diximus
1004 1027 1124 1091 salsum
1145 1027 1186 1091 ab
1207 1026 1258 1091 his
1271 1043 1304 1088 aa

139 1133 242 1198 solum
263 1132 374 1219 diligi3
406 1154 483 1218 ergo
504 1130 561 1196 ubi
582 1153 647 1196 non
669 1140 719 1196 est
741 1131 815 1208 tale,
843 1129 941 1195 salem
968 1129 1167 1216 adspergunt
1194 1150 1259 1194 non

138 1234 311 1313 radicibus,
335 1234 394 1299 sed
413 1234 543 1322 longius
564 1234 670 1319 paulo.
708 1230 877 1313 Quaedam
903 1230 937 1295 in
960 1227 1060 1315 Syria
1081 1242 1112 1297 et
1134 1231 1169 1295 in
1189 1230 1258 1296 Ae·

139 1346 243 1420 gypto
267 1335 302 1399 in
329 1335 422 1401 binos
449 1334 598 1400 dividunt
626 1356 662 1399 se
689 1343 833 1411 truncos,
861 1334 897 1397 in
919 1331 1017 1398 Creta
1039 1343 1072 1399 et
1092 1333 1127 1398 in
1148 1343 1259 1399 ternos

138 1437 360 1522 quaedamque
382 1447 416 1503 et
436 1437 470 1501 in
493 1436 617 1520 quinos.
640 1434 810 1515 Quaedam
823 1436 931 1501 ferunt
945 1435 1053 1500 statim
1066 1435 1101 1499 in
1116 1435 1259 1515 trimatu,

139 1537 174 1601 in
198 1534 307 1623 Cypro
328 1560 417 1616 vero,
440 1535 549 1622 Syria,
571 1534 728 1623 Aegypto
751 1535 947 1620 quadrimae,
975 1536 1058 1601 aliae
1079 1536 1259 1621 quinquen-

140 1661 198 1704 nes
219 1638 387 1704 altitudine
407 1639 557 1718 hominis,
579 1639 666 1704 nullo
687 1639 775 1703 intus
796 1639 885 1724 pomi
898 1639 997 1728 ligno,
1017 1638 1173 1725 quamdiu
1187 1650 1261 1705 sunt

140 1741 295 1820 novellae,
319 1742 361 1806 ob
382 1741 418 1805 id
439 1741 618 1827 spadonum
639 1751 774 1827 accepto
794 1741 933 1807 nomine.

184 1842 214 1905 9.
237 1840 367 1908 Genera
388 1865 497 1908 earum
518 1842 630 1906 multa.
653 1839 826 1907 Sterilibns
843 1841 885 1905 ad
899 1843 1048 1907 materias
1062 1863 1259 1927 operumque
1273 1858 1306 1901 aa

139 1941 276 2005 lautiora
295 1942 397 2006 utitur
417 1942 558 2026 Assyria
579 1952 613 2008 et
635 1952 703 2007 tota
716 1941 840 2007 Persis.
864 1939 949 2008 Sunt
970 1951 1009 2008 et·
1025 1941 1168 2007 caeduae
1189 1940 1259 2027 pal-

109 2042 112 2047 ’
139 2064 265 2106 marum
284 2064 413 2127 quoque
427 2043 537 2122 silvae,
560 2043 776 2130 germinantes
791 2065 903 2109 rursus
917 2043 959 2110 ab
974 2044 1081 2110 radice
1096 2042 1257 2120 succisae3

141 2143 243 2209 dulcis
270 2144 411 2209 medulla
436 2166 545 2209 earum
571 2145 605 2209 in
634 2144 815 2222 cacumine,
847 2147 934 2228 quod
960 2144 1126 2211 cerebrum
1147 2146 1259 2230 appel·

139 2243 218 2321 lant,
246 2254 459 2331 exemptaque
486 2246 606 2324 vivont,
632 2245 719 2330 quod
745 2266 811 2311 non
837 2246 927 2311 aliae.
962 2246 1128 2312 Vocantur
1152 2256 1261 2313 antem

142 2343 378 2431 chamaerepes,
401 2346 478 2411 folio
499 2347 612 2413 latiore
634 2370 672 2413 ae
692 2347 792 2426 molli,
814 2347 858 2411 ad
870 2347 973 2412 vitilia
984 2345 1173 2425 utilissim03
1204 2368 1259 2412 oo·

139 2444 249 2532 piosae
270 2447 304 2510 in
328 2445 437 2527 Creta,
460 2449 518 2513 sed
539 2448 644 2536 magis
664 2447 699 2512 in
721 2446 843 2514 Sicilia.
875 2447 906 2512 E
928 2448 1043 2532 palmis
1064 2471 1188 2535 prunae
1208 2448 1260 2515 vi-

140 2568 236 2612 vaces
257 2546 407 2636 ignisque
427 2549 543 2615 lentur.
565 2548 820 2616 Fructiferarum
841 2549 913 2614 aliis
934 2549 1065 2616 brevius
1079 2549 1204 2639 lignum
1224 2551 1259 2617 in
1272 2565 1305 2611 4⁰

139 2649 247 2732 pomo,
269 2648 340 2714 aliis
362 2649 500 2738 longius,
521 2650 572 2716 his
594 2652 731 2731 mollius,
753 2651 816 2717 illis
838 2651 960 2732 durius,
990 2652 1184 2738 quibusdam
1205 2674 1258 2718 os·

141 2770 231 2814 seum
252 2750 471 2836 lunatumque,
495 2753 590 2818 dente
612 2763 723 2818 contra
740 2754 931 2820 fascinantis
945 2754 1098 2844 religione
1112 2756 1260 2843 politum,

140 2849 228 2914 aliud
247 2852 394 2935 pluribus
419 2853 573 2920 vestitum
599 2855 846 2940 paucioribusve
872 2856 1001 2937 tunicis,
1027 2857 1116 2922 aliud
1142 2855 1258 2924 crassi-

140 3060 173 3072 ..
190 3020 398 3099 topandium.
425 3024 576 3089 turpitudine,
587 3023 688 3091 Roas.
708 3066 739 3076 -
763 3023 1123 3091 araoru,ROSTadr(eou
1136 3027 1258 3092 Salmas.)

139 3089 232 3136 arboreo
243 3089 322 3153 uiridi,
333 3087 362 3153 β.
375 3133 407 3142 ..
425 3092 524 3155 defesso,
536 3096 580 3144 ad.
593 3133 626 3144 ...
644 3110 668 3156 a,
680 3096 703 3145 d.
721 3134 754 3144 ..
772 3094 863 3157 avulso,
874 3097 906 3146 R.
925 3137 957 3146 ..
977 3097 1120 3156 tenerrimum,
1132 3097 1207 3146 Tau.
1224 3136 1257 3146 ..

139 3171 238 3220 quoque,
251 3160 294 3208 ad.
312 3175 364 3222 que,
375 3162 408 3210 R.
427 3200 459 3210 ...
475 3167 575 3222 suarm,
587 3178 611 3210 a.
630 3202 661 3210 ..
679 3161 712 3220 iu,
725 3177 775 3211 om.
787 3179 810 3211 a.
829 3203 860 3213 ..
878 3161 960 3222 solum,
973 3181 996 3213 a.
1015 3204 1048 3213 -
1066 3161 1170 3225 humida,
1182 3164 1257 3213 Rau.

139 3263 173 3273 ..
191 3231 247 3285 tota,
259 3226 346 3278 Rad‘2.
365 3234 395 3288 to,
408 3230 445 3278 d¹.
463 3269 494 3280 ..
514 3228 597 3290 bimus,
609 3229 634 3279 d.
651 3227 766 3291 ludimus,
777 3229 810 3280 R
828 3230 903 3292 bioca
915 3249 939 3281 a.
958 3231 1077 3283 Ceterum
1088 3247 1111 3279 v.
1124 3232 1256 3295 Theophr.
1342 3232 1345 3237 '

139 3292 165 3341 h.
177 3293 213 3369 pl.
225 3292 261 3344 11.
274 3300 297 3355 6,
310 3301 334 3345 4.
352 3335 385 3347 ..
402 3296 530 3345 cantatione
540 3295 603 3346 sadis
623 3314 646 3348 a.
664 3297 803 3346 mutationes
814 3297 871 3360 auis,
882 3299 914 3349 R.
932 3299 1060 3349 mutatione
1071 3296 1113 3347 red
1123 3296 1169 3362 dir,
1181 3299 1205 3351 d.
1225 3338 1258 3348 -

110 3398 113 3403 .
137 3357 222 3421 releba,
234 3364 258 3410 d.
276 3361 392 3423 rabilem„
418 3406 451 3414 ..
478 3333 717 3427 ortuaRdTadr.
744 3362 868 3428 artaud.

172 3429 186 3490 ξ
200 3433 240 3479 37.
249 3431 443 3501 seruantiayuut,
455 3448 479 3482 a.
509 3433 675 3501 eruata'uqunt,
688 3435 712 3485 d.
732 3474 764 3484 ...
782 3434 898 3498 Robusto,
909 3438 954 3487 ad.
974 3477 1006 3485 -
1025 3433 1257 3499 truacoereliaqueu-

140 3496 267 3553 [called.
286 3496 466 3561 relinquare,
502 3515 528 3566 γ.

172 3558 187 3619 ξ
200 3567 241 3610 38.
259 3563 371 3615 Eruimus
383 3568 397 3628 ς
411 3573 451 3622 28,
470 3607 502 3615 ,
521 3575 544 3616 et
554 3569 586 3629 ia,
598 3570 652 3624 Rd,
670 3578 700 3632 et,
713 3567 786 3634 asty.
805 3612 837 3620 ..
859 3571 1077 3632 iubiuus,om.1l.
1099 3613 1131 3621 -
1153 3587 1179 3618 se
1195 3567 1257 3617 divi-

138 3623 240 3704 duntd.
258 3668 290 3678 ..
309 3626 537 3693 οεὶπ,ΒθΤ(ιᾱτ.
556 3630 625 3695 east.
645 3676 676 3687 ,..
703 3635 872 3702 quaedamque,
885 3633 1014 3688 ROTad.
1039 3631 1205 3700 quaedamst.
1224 3677 1256 3687 ..

137 3701 203 3753 erza,
216 3712 240 3744 a·
267 3696 364 3756 tuna
391 3705 420 3760 et,
436 3691 465 3749 θ.
492 3740 524 3749 ..
554 3700 685 3764 Quaedam,
697 3704 730 3753 R.
749 3704 837 3755 Omitt.
850 3701 943 3770 adssr.
962 3746 994 3755 -
1021 3704 1135 3767 urnula
1152 3703 1256 3768 aliquae,

137 3761 233 3827 Tadr.
252 3761 316 3815 uliae
328 3762 399 3825 aliae,
410 3760 439 3827 β
459 3807 490 3816 ..
509 3768 599 3816 nomine
611 3777 713 3833 accepto,
725 3773 778 3822 Tu.

171 3829 186 3890 §
200 3836 240 3880 39.
262 3830 356 3882 Genera
368 3841 580 3896 earum-putatur
591 3851 620 3883 ex
632 3835 700 3887 uuus
712 3835 739 3902 (§
753 3835 806 3901 42.)
819 3854 868 3888 om.
880 3839 911 3889 R
931 3880 963 3889 ..
982 3854 1105 3903 operaque,
1114 3857 1133 3889 r.
1152 3879 1184 3890 -
1202 3855 1256 3888 rur-

136 3913 177 3945 sus
194 3898 365 3964 geminantes,
386 3917 409 3950 a.
435 3942 467 3951 ..
495 3911 658 3966 exceptoque,
682 3898 710 3955 θ.
738 3947 770 3955 -
796 3905 973 3970 clamaerepes,
994 3908 1073 3958 Hard.
1100 3906 1256 3971 clamarcpee,

136 3960 260 4045 STadss.
287 3966 434 4032 clunrerpes,
445 3968 558 4020 Lobeek.
570 3973 676 4035 paralip.
689 3988 725 4036 gr.
739 3973 783 4025 Gr.
797 3980 819 4024 1.
831 3990 856 4038 p.
871 3982 928 4025 134.
954 3973 1139 4039 clamam'ples,
1152 3977 1256 4026 Barbar.

135 4033 240 4108 etssrnt.
267 4034 762 4101 Ceterumv.Theophr.l.l.II.6,11.
789 4082 821 4091 ..
848 4040 930 4090 mollia
949 4040 1057 4106 diutiluu,
1070 4061 1092 4094 a.
1118 4042 1199 4093 mollia
1215 4041 1256 4093 diu

136 4095 214 4158 utura,
227 4103 250 4149 d.
270 4141 301 4150 ..
318 4101 368 4164 Ex,
380 4121 399 4153 r.
419 4144 448 4153 -
467 4104 586 4169 utquisque
598 4105 682 4166 leatus,
693 4125 716 4159 a.
733 4108 857 4173 aequisque
869 4108 958 4170 leuitas,
970 4127 990 4160 r.

170 4166 238 4227 540.
257 4166 362 4245 illinua.
382 4212 414 4221 -
433 4170 590 4236 ducamque,
603 4177 620 4226 d
632 4172 719 4237 (codd.
731 4176 858 4240 Barbari.)
876 4176 1040 4243 iuratumque,
1056 4172 1105 4230 θι.
1129 4177 1256 4242 lunataque

136 4228 204 4280 deute
207 4232 360 4300 festucantur,
371 4254 391 4289 r.
409 4280 441 4289 -
459 4246 549 4304 ecura,
561 4257 612 4295 om.
624 4260 647 4294 a.
666 4283 697 4294 ..
709 4245 865 4308 sarcinantes,
877 4263 900 4296 a.
