2896 4800
302 261 378 337 un
393 287 429 335 x.
457 282 852 334 cmxxxv-xxxma
882 258 980 331 seor.
996 281 1087 328 inu.
1194 263 1256 331 225

135 440 314 528 multivaga
335 437 477 522 alioquin
504 459 582 514 ave3
616 445 667 502 est
687 435 771 500 enim
796 452 849 498 ars
874 432 937 499 illis
957 431 1043 499 inter
1064 454 1099 498 se
1119 432 1257 501 blandiri

136 553 170 610 et
189 560 400 627 conrumpere
422 538 502 604 alias
523 537 674 622 furtoque
696 533 913 602 comitatiores
933 532 1062 599 reverti.

181 645 234 710 53.
257 641 348 723 Quin
370 649 410 706 et¹
422 638 636 705 internuntiae
656 638 692 703 in
712 636 839 724 magnis
860 634 959 701 rebus
980 635 1082 714 fuere,
1104 635 1258 721 epistulas
1271 651 1320 699 11⁰

137 744 279 809 adnexas
302 763 413 808 earum
433 738 571 826 pedibus
592 738 760 805 obsidione
780 736 963 804 Mutinensi
990 737 1026 802 in
1053 746 1158 803 oastm
1179 760 1257 803 oon-

136 844 242 910 sulum
262 843 412 909 Decumo
426 841 529 908 Bruto
549 842 702 906 mittente.
726 838 817 921 Quid
838 838 956 904 vallum
979 848 1012 905 et
1031 838 1112 926 vigil
1132 834 1258 904 obsidio

136 954 231 1028 atque
254 941 352 1007 etiam
371 943 452 1009 retia
473 965 567 1008 amne
588 951 753 1029 praetenta
773 939 923 1026 profuere
936 939 1089 1017 Antonio,
1112 961 1171 1026 per
1184 961 1258 1006 eae·

136 1045 204 1111 lum
227 1053 321 1110 eunte
342 1043 479 1110 nuntio?
514 1041 560 1107 Et
579 1043 693 1108 harum
715 1063 822 1107 amore
843 1040 1010 1106 insaniunt
1028 1041 1137 1118 multi3
1162 1061 1260 1127 super

136 1155 221 1212 testa
241 1145 454 1211 exaedificant
473 1145 568 1210 turris
588 1144 628 1210 iis
649 1142 908 1228 nobilitatemque
930 1142 1130 1230 singdarum
1149 1150 1182 1209 et
1195 1140 1260 1207 ori·
1317 1161 1322 1172 ’

137 1248 231 1334 gines
252 1259 383 1312 narrant
403 1256 510 1312 vetere
532 1246 597 1310 iam
618 1244 774 1335 exemplo.
795 1243 838 1309 L.
853 1244 961 1311 Axius
983 1268 1080 1331 eques
1093 1244 1260 1311 Romanus

137 1357 210 1415 ante
237 1346 357 1413 bellum
384 1347 478 1414 civile
499 1346 731 1435 Pompeianum
759 1345 899 1412 denariis
925 1347 1168 1436 quadringentis
1191 1347 1259 1412 sin-

138 1448 215 1536 gula
236 1448 327 1533 paria
347 1448 533 1528 venditavit,
563 1457 600 1514 ut
619 1447 668 1513 M.
691 1445 798 1513 Varro
820 1447 926 1512 tradit.
960 1447 1049 1529 Quin
1071 1457 1104 1514 et
1123 1448 1260 1536 patriam

137 1549 354 1628 nobilitavere,
369 1550 404 1616 in
420 1548 599 1635 Campania
613 1548 847 1636 grandissimae
860 1549 1029 1636 provenire
1040 1549 1259 1616 existumatae.

181 1655 232 1718 54.
266 1650 395 1717 Harum
415 1652 539 1718 volatus
560 1651 594 1716 in
616 1651 848 1736 reputationem
869 1662 1047 1717 ceterarum
1059 1672 1186 1737 quoque
1200 1673 1260 1717 vo·
1275 1665 1320 1712 ιιι

136 1754 262 1820 luorum
294 1752 429 1839 inpellit.
461 1751 675 1818 XXXVIII.
709 1749 870 1819 Omnibus
904 1752 1097 1819 animalibus
1128 1754 1260 1839 reliquis

138 1864 244 1920 certus
271 1863 303 1920 et
329 1853 425 1920 unius
451 1855 539 1920 modi
565 1864 598 1920 et
622 1854 657 1918 in
679 1876 737 1920 suo
758 1854 873 1938 cuique
894 1875 1013 1940 genere
1033 1854 1180 1919 incessus
1201 1865 1261 1933 est,

139 1979 216 2021 aves
238 1955 323 2021 solae
345 1956 435 2022 vario
456 1967 564 2022 meatu
583 1956 730 2020 feruutur
755 1964 787 2019 et
806 1955 841 2019 in
862 1964 949 2019 terra
969 1964 1002 2018 et
1021 1976 1104 2019 aere.
1132 1953 1260 2019 Ambu-

136 2058 206 2124 lant
226 2055 362 2142 aliquae,
383 2067 421 2121 ut
442 2057 594 2135 cornices,
617 2057 735 2122 saliunt
755 2055 847 2134 aliae,
869 2064 905 2120 ut
926 2076 1085 2141 passeres,
1107 2055 1259 2134 merulae,

137 2167 280 2239 currunt,
303 2167 340 2223 ut
359 2158 516 2246 perdices,
533 2157 717 2234 rusticulam,
733 2166 805 2221 ante
827 2177 861 2221 se
882 2155 982 2242 pedes
1002 2155 1134 2236 iaeiunt,
1156 2166 1193 2221 ut
1213 2157 1261 2223 ei-

138 2260 259 2336 eoniae,
288 2281 397 2344 grues,
426 2258 613 2344 expandunt
638 2257 705 2322 alas
732 2256 973 2343 pendentesque
1000 2279 1074 2324 raro
1094 2256 1261 2322 intervallo

136 2360 302 2443 quatiunt,
335 2359 416 2424 aliae
445 2356 603 2436 erebrius,
638 2356 695 2422 sed
726 2366 759 2421 et
784 2355 905 2441 primas
932 2355 1099 2423 dumtaxat
1123 2357 1259 2443 pinnas3

137 2460 219 2525 aliae
241 2467 273 2524 et
293 2468 359 2524 tota
378 2459 480 2524 latera
499 2458 654 2545 pandunt,
682 2457 840 2543 quaedam
866 2479 943 2524 vero
963 2458 1084 2525 maiore
1106 2481 1147 2526 ex
1167 2469 1260 2547 parte
1275 2473 1323 2519 112

137 2557 323 2645 conpressis
344 2559 452 2624 volant
473 2581 690 2645 percussoque
712 2558 820 2637 semel,
847 2559 972 2645 aliquae
995 2570 1027 2626 et
1045 2560 1173 2648 gemino
1194 2561 1260 2628 ietu

138 2681 212 2725 aere
238 2661 384 2726 feruntur
410 2671 447 2726 ut
473 2661 634 2728 inelusum
654 2683 729 2728 eum
750 2671 943 2748 prementes,
972 2662 1169 2728 eiaculantur
1191 2685 1260 2729 sese

137 2760 172 2827 in
194 2761 342 2841 sublime,
363 2762 398 2827 in
419 2773 552 2840 reetum,
573 2761 608 2827 in
625 2784 774 2849 pronum.
796 2761 930 2851 Inpingi
950 2774 1046 2850 putes
1067 2765 1191 2850 aliquas
1205 2777 1261 2831 aut

139 2884 253 2929 rursus
274 2862 316 2929 ab
337 2864 400 2929 alto
423 2863 538 2930 cadere
558 2864 629 2942 has,
651 2864 723 2930 illas
744 2864 850 2932 salire.
873 2865 997 2932 Anates
1012 2865 1099 2931 solae
1113 2889 1260 2952 quaeque

140 2973 218 3028 sunt
237 2964 382 3029 eiusdem
403 2965 532 3050 generis
552 2965 586 3029 in
608 2964 744 3032 sublime
765 2967 912 3052 protinus
940 2988 1010 3032 sese
1032 2968 1146 3033 tollunt
1165 2979 1260 3054 atque

139 3186 175 3233 ro,
187 3173 211 3220 (1.
229 3169 294 3234 quod
304 3188 373 3235 auro,
384 3168 435 3238 βγ.
454 3213 486 3223 -
509 3171 651 3238 quwiuere,
662 3174 715 3225 Rd.
739 3171 866 3238 quaeriue,
878 3169 930 3240 βγ.
948 3216 980 3224 -
998 3172 1094 3239 aliquis,
1106 3177 1131 3227 d.
1149 3217 1181 3226 -
1199 3175 1259 3227 alio-

138 3238 205 3302 quin,
217 3241 240 3288 d.
259 3237 359 3304 ebbqui,
368 3243 422 3306 Βγ.
441 3282 473 3290 -
491 3257 549 3304 uve,·
560 3248 606 3304 eeu
619 3256 665 3306 pro
677 3242 717 3292 his
728 3242 832 3293 vocibus
842 3242 888 3293 Ru
898 3243 966 3291 abest
976 3243 1079 3294 hubent.

174 3305 188 3366 §
203 3312 260 3358 110.
277 3309 371 3373 romnis
382 3309 459 3369 rebus,
470 3309 503 3360 Β.
526 3310 595 3358 rebus
606 3306 707 3374 anaqam,
720 3311 736 3360 d
748 3308 889 3374 (Mnrbae.)
900 3303 951 3377 βγ.
970 3352 1002 3361 ..
1020 3308 1136 3373 edumas,
1148 3314 1165 3363 d
1176 3309 1259 3375 (Mur-

138 3372 207 3438 bae.)
222 3375 296 3440 fuere
311 3375 428 3440 omerus,
444 3380 476 3429 Β.
495 3417 528 3428 ..
546 3377 685 3439 Mutinensi,
701 3380 815 3431 Murbao.
837 3378 986 3442 Mutinienai,
1002 3381 1034 3431 R.
1057 3379 1218 3444 Mutinicensi,
1235 3385 1259 3432 d.

138 3480 171 3491 ..
190 3441 273 3504 Decio,
290 3447 306 3494 (1
322 3442 369 3507 (ex
386 3444 462 3508 corr.)
481 3487 512 3496 ..
528 3447 663 3511 profluere,
678 3448 710 3498 R.
725 3447 807 3510 suae,
819 3450 843 3499 d.
863 3489 894 3498 ..
919 3455 1003 3508 tunm,
1016 3450 1046 3499 Β.
1065 3465 1110 3509 res,
1123 3452 1146 3499 d.
1164 3491 1196 3499 -
1215 3448 1259 3511 lis,

140 3508 164 3558 (1.
177 3549 208 3556 -
227 3508 259 3558 L.
271 3510 359 3573 Anius,
371 3516 436 3563 Bud.
450 3515 481 3563 de
493 3530 541 3564 ass.
554 3530 579 3578 p.
590 3520 656 3577 217,
668 3517 701 3566 Β.
717 3515 819 3578 Lurius,
832 3517 848 3567 (1
860 3514 947 3579 (codd.
958 3514 1040 3579 Bud.)
1057 3517 1091 3566 V.
1103 3517 1178 3566 Varr.
1191 3520 1222 3566 de
1232 3532 1260 3566 re

138 3582 200 3624 rust.
213 3575 263 3624 111.
278 3580 300 3637 7,
314 3584 353 3627 lo.
372 3619 404 3628 ..
422 3578 559 3641 venditavit,
571 3584 637 3631 Bud.
655 3581 795 3645 vmdtbavit,
805 3585 832 3633 K
843 3581 928 3646 (codd.
941 3581 1022 3644 Bud.)
1039 3582 1111 3632 vendi
1121 3583 1156 3631 itu
1174 3582 1217 3644 VI,
1227 3583 1259 3633 R.

139 3638 221 3690 uendit
238 3640 282 3702 VI,
295 3645 319 3692 d.
338 3684 370 3692 .-
390 3644 498 3704 tradidit,
510 3663 529 3695 r.

173 3711 188 3773 §
202 3715 259 3759 111.
277 3707 373 3771 relatus,
384 3711 472 3760 R²Td
484 3709 623 3777 (Murbae.)
640 3712 738 3777 veletur,
750 3717 796 3765 Rt
814 3757 845 3765 ..
864 3713 992 3776 voluerum,
1003 3716 1049 3766 Rd
1061 3713 1201 3778 (Murbac.)
1219 3733 1258 3765 vo·

140 3774 229 3826 lucrum
242 3793 291 3836 nos,
303 3772 354 3842 βγ.
372 3818 404 3827 ..
424 3785 495 3838 metu,
507 3781 530 3828 (1.
548 3787 619 3841 mons,
631 3783 662 3831 T.
680 3821 712 3831 -
731 3789 827 3845 eluere,
838 3784 871 3833 Β.
889 3788 912 3830 et
923 3781 949 3831 in
960 3797 1023 3844 aare,
1036 3777 1108 3847 dssy.
1123 3824 1153 3832 -
1172 3781 1260 3833 saliunt

139 3843 212 3904 nlioe,
224 3837 331 3896 12on.
349 3843 441 3893 saliunt
452 3842 557 3908 aliquus,
568 3842 597 3907 β

173 3916 258 3976 §lla
276 3911 335 3975 eliu,
347 3915 378 3964 Β.
397 3954 429 3962 -
449 3920 511 3961 totus
522 3911 585 3974 ulos,
596 3913 630 3964 Κ.
649 3955 680 3963 -
695 3911 823 3978 plandunt,
834 3916 867 3965 Β.
881 3910 1008 3980 plaudunt,
1021 3919 1045 3968 d.
1065 3913 1168 3978 tendunt,
1180 3920 1213 3970 K.
1226 3963 1258 3971 -

139 3981 232 4041 mabri,
248 3983 272 4031 d.
291 4022 323 4031 -
341 3979 457 4045 aliaeque,
474 3982 499 4030 (1.
518 4022 550 4030 -
567 3997 623 4029 aere
631 3981 754 4044 feruntur,
772 3984 795 4032 d.
815 3976 993 4050 fflsreseruntur,
1010 3985 1042 4035 Β.
1060 4025 1091 4035 ..
1115 3993 1148 4048 ut,
1160 3987 1191 4038 Β.
1214 3987 1259 4052 vel,

140 4048 185 4097 Td
198 4046 338 4113 (Murbae.)
355 4047 425 4111 velut,
437 4043 517 4112 Κβγ.
532 4090 563 4098 ..
573 4055 703 4111 prouentu
715 4048 870 4112 eiaculantur,
883 4053 915 4102 Β.
934 4050 1096 4115 exprimentes.
1108 4051 1258 4118 Iaculantur,

139 4114 173 4164 K.
191 4113 327 4165 iaculentur
334 4124 475 4180 prementes,
487 4117 539 4167 Tu
559 4114 605 4164 lae
617 4114 759 4179 iaculantur,
770 4119 882 4170 Murbae.
900 4160 932 4168 -
947 4121 1056 4184 probum,
1067 4122 1120 4173 Its.
1133 4165 1164 4173 ..
1180 4124 1258 4189 pinpi,

139 4183 165 4298 pli
180 4180 367 4304 ρι’(ιριιξΆΒὶὶ.
381 4193 457 4250 potes,
468 4186 523 4239 Rd.
536 4225 567 4234 .-
586 4185 617 4234 ab
628 4182 686 4247 utto,
698 4184 742 4236 3².
760 4183 848 4250 αὸἱαὸί,
860 4188 926 4240 B¹d.
943 4185 1030 4251 abluti,
1044 4181 1073 4241 θ.
1090 4232 1121 4242 -
1138 4192 1258 4256 prosilire,

166 4284 172 4298 .
191 4289 223 4298 ..
240 4265 295 4310 arn,

172 4315 301 4369 Patren.
1015 4323 1054 4386 15
