2896 4800
374 307 443 352 nm.
460 306 508 353 xa
539 305 618 352 car.
634 306 772 352 xxxva.
801 303 899 351 suar.
915 305 1005 348 a-ss
1187 287 1249 353 309

123 458 328 546 ⁴serpentibus
351 459 471 544 spinae.
495 455 696 541 Aquatilium
718 455 866 522 mollibus
879 457 968 521 nulla
983 456 1040 522 sed
1055 479 1171 542 corpus
1185 456 1248 522 cir-

128 561 208 625 culis
229 560 334 626 carnis
355 559 513 637 vinctum,
541 568 578 623 ut
599 557 728 645 saepiae
754 567 855 641 atque
878 556 1014 643 lolligini
1021 581 1030 635 3
1062 570 1093 623 et
1119 557 1250 624 insectis

127 674 288 752 negantur
308 684 410 747 aeque
433 682 503 726 esse
518 660 593 726 ulla.
617 658 836 749 cartilaginea
849 659 1036 744 aquatilium
1049 659 1169 733 habent
1181 683 1249 726 me-

106 754 247 830 dullam
268 763 302 826 in
324 761 437 847 spina,
459 762 553 827 vituli
574 761 693 827 marini
715 761 948 849 cartilaginem,
969 783 1035 827 non
1057 783 1139 826 ossa
1167 759 1250 827 Item
1264 776 1313 821 216

127 865 269 928 omnium
289 862 452 928 auriculae
472 885 511 928 ac
532 884 628 928 nares
647 885 732 948 quae
753 863 848 929 modo
878 862 1019 928 eminent
1045 861 1144 928 flexili
1169 862 1250 928 mol·

126 964 196 1029 litia
221 975 355 1030 naturae
383 964 595 1051 providentia,
623 989 664 1030 ne
686 965 922 1054 frangerentur.
960 963 1125 1052 cartilago
1152 973 1251 1050 rupta

127 1088 191 1131 non
213 1065 385 1145 solidescit,
408 1089 469 1132 nec
489 1067 636 1153 praecisa
656 1088 731 1160 ossa
751 1076 939 1133 recrescunt
951 1077 1179 1152 praeterquam
1192 1089 1249 1132 ve-

127 1168 238 1233 terinis
251 1167 301 1233 ab
321 1168 446 1256 ungula
467 1168 509 1232 ad
531 1169 751 1257 suffraginem
782 1167 892 1234 Homo
915 1167 1031 1233 erescit
1051 1168 1087 1231 in
1107 1166 1249 1256 longitu-

127 1270 234 1336 dinem
260 1293 363 1354 usque
390 1269 431 1333 ad
459 1280 508 1335 ter
534 1280 686 1356 septenos
707 1293 818 1350 annos,
848 1280 917 1335 tum
944 1270 1060 1334 deinde
1082 1269 1125 1333 ad
1145 1268 1248 1355 pleni-

127 1373 289 1450 tudinem3
317 1394 465 1436 maxume
480 1382 588 1436 autem
601 1372 784 1458 pubescens
802 1373 923 1436 nodum
943 1371 1104 1454 quendam
1127 1369 1249 1437 solvere

127 1483 160 1536 et
180 1472 354 1558 praecipue
374 1473 577 1558 aegritudine
600 1474 744 1538 sentitur.
1183 1535 1185 1539 ,

169 1576 219 1639 88.
247 1572 347 1638 Nervi
368 1574 433 1638 orsi
455 1595 475 1637 a
497 1573 605 1652 corde,
624 1572 822 1657 bubuloque
843 1575 939 1640 etiam
960 1575 1182 1641 circumvoluti
1204 1574 1249 1639 si·
1263 1586 1312 1634 21⁷

125 1673 234 1738 milem
253 1685 400 1738 naturam
422 1682 456 1738 ct
482 1697 611 1740 causam
632 1673 763 1753 habent,
791 1675 827 1739 in
853 1676 1001 1742 omnibus
1028 1676 1161 1742 lubricis
1189 1675 1248 1740 ad-

125 1773 235 1861 plicati
267 1775 395 1840 ossibus
427 1777 593 1860 nodosque
627 1797 799 1860 corporum
832 1777 888 1860 qui
919 1787 1074 1842 vocantur
1110 1776 1248 1853 articuli,

126 1877 223 1943 aliubi
244 1877 439 1956 interventu,
463 1877 562 1942 aliubi
583 1875 717 1955 ambitu,
745 1876 844 1941 aliubi
866 1878 1001 1942 transitu
1022 1878 1173 1964 ligantes,
1197 1877 1249 1942 hic
1285 1869 1289 1879 ’

127 1987 253 2054 teretes,
281 1977 435 2056 illiclati,
462 1987 500 2042 ut
525 1977 558 2041 in
586 1999 783 2061 unoquoque
808 1978 911 2061 poscit
930 1978 1086 2064 figuratio.
1123 1977 1193 2042 Nec
1214 1977 1248 2041 hi
1261 1991 1310 2038 als

127 2078 302 2143 solidantur
322 2077 425 2157 incisi,
454 2080 636 2164 mirumque
663 2077 836 2143 volneratis
859 2101 1002 2144 summus
1024 2081 1123 2160 dolor,
1150 2100 1246 2167 prae-

126 2179 220 2245 sectis
240 2179 355 2244 nullus.
380 2176 459 2245 Sine
480 2179 587 2245 nervis
611 2189 687 2244 sunt
708 2178 868 2264 quaedam
882 2179 1041 2256 animalia,
1062 2195 1098 2246 ut
1119 2183 1246 2267 pisces3

124 2279 248 2343 arteriis
270 2280 364 2344 enim·
378 2289 534 2358 constant,
558 2281 616 2346 scd
636 2302 743 2364 neque
762 2280 812 2345 his
827 2281 938 2345 molles
952 2280 1090 2367 piscium
1105 2268 1252 2368 generis}

123 2377 192 2446 Ubi
215 2389 295 2460 suut,
309 2380 410 2458 nervi,
432 2381 599 2446 interiores
622 2382 807 2447 conducunt
820 2379 975 2461 membra,
998 2382 1177 2468 superiores
1191 2406 1244 2449 re·

78 2500 81 2505 ’
124 2490 249 2546 vocant.
272 2480 362 2546 Inter
382 2480 440 2547 bos
461 2481 563 2548 latent
584 2483 721 2548 arteriae
743 2483 777 2548 id
799 2493 848 2549 est
869 2482 1002 2570 spiritus
1024 2483 1172 2561 semitae3
1194 2484 1244 2550 bis

124 2581 269 2647 innatant
297 2604 397 2649 venae
423 2582 459 2648 id
486 2593 535 2650 est
558 2584 723 2672 sanguinis
744 2585 822 2651 rivi·
852 2584 1056 2652 Arteriarum
1076 2587 1189 2670 pulsus
1210 2585 1245 2650 iu
1258 2598 1307 2644 219

157 2816 672 2889 §215.'tabar,R8Td2'Atv.1e,172.
691 2869 722 2878 -
741 2826 867 2893 tollutae,
884 2828 928 2877 111.
953 2869 984 2878 ,.
1008 2835 1136 2892 nequatur,
1148 2828 1180 2877 R.
1203 2841 1244 2874 aa.

122 2900 202 2956 quaer,
215 2887 288 2957 ᾱβγ.
311 2934 343 2943 ..
366 2901 450 2956 atque,
468 2897 491 2944 d.
514 2935 546 2943 ..
569 2893 620 2943 alla
636 2911 697 2956 esse,
714 2899 737 2946 d.
757 2937 789 2946 -
810 2892 942 2959 Certilaqo,
954 2896 1021 2946 R²d
1039 2893 1187 2956 animalium,
1199 2896 1244 2945 Ra

124 2998 156 3009 -
175 2974 229 3008 osea
240 2958 410 3024 cartilaqiaeae
421 2961 531 3023 maiam,
542 2962 575 3012 Κ.

157 3060 172 3121 §
185 3063 242 3108 216.
260 3060 360 3109 omnam
372 3062 436 3110 mihi
447 3067 600 3125 suspectum.
616 3060 731 3111 Primum
743 3062 811 3112 enim
824 3062 964 3124 quaeritur,
976 3062 1021 3127 qui
1036 3063 1087 3112 sint
1101 3061 1141 3111 illi
1157 3075 1245 3111 omnes

124 3126 251 3190 delphini,
263 3143 296 3177 an
313 3128 464 3191 aquatilium
481 3129 582 3188 mollia,
599 3144 632 3177 an
644 3128 738 3178 horum
755 3129 931 3191 cartilaginea,
949 3144 982 3179 an
1000 3130 1049 3178 soli
1059 3129 1134 3179 vituli
1145 3128 1244 3177 marini.

122 3193 160 3243 At
170 3193 223 3244 illis
234 3196 351 3245 omnibus
363 3196 418 3259 ipse
428 3196 496 3245 Plin.
509 3194 524 3257 5
539 3201 595 3246 158.
608 3196 673 3245 dixit
684 3194 810 3246 foramina
820 3203 919 3246 tantum
931 3198 964 3246 ad
976 3196 1101 3246 olfactum
1118 3210 1174 3245 esse
1189 3194 1245 3244 sine

122 3261 239 3324 naribus3
252 3265 343 3313 deinde
354 3265 444 3313 eodem
457 3264 514 3313 loco
526 3263 629 3313 tradidit
640 3264 685 3313 uni
697 3265 812 3314 omnium
824 3262 971 3313 animalium
983 3263 1082 3312 homini
1092 3277 1166 3312 nares
1182 3262 1244 3311 emi-

62 3382 65 3386 ,
122 3342 190 3379 uere.
212 3331 268 3381 Aut
284 3332 361 3395 igitur
376 3331 443 3382 Plin.
461 3346 582 3395 perquam
594 3331 752 3394 negligenter
768 3331 879 3395 scripsit,
895 3337 941 3381 aut
956 3329 1072 3380 laminam
1083 3345 1130 3395 pro
1143 3328 1245 3378 emnium

122 3397 289 3448 scribendum.
316 3430 348 3448 t..
375 3405 424 3460 cat,
437 3399 461 3448 d.
488 3437 519 3447 -
547 3398 623 3460 modo,
635 3392 747 3450 Roas.
765 3397 890 3461 modicum,
900 3394 930 3460 β.
950 3440 977 3448 ..
991 3397 1100 3463 flacitili
1109 3395 1212 3460 mollitae,
1223 3413 1244 3448 r.

122 3502 154 3512 ...
166 3463 327 3527 frangantur,
339 3467 363 3515 d.
381 3505 413 3515 ...
435 3462 589 3530 Cortilayine,
600 3468 645 3518 12¹.
664 3506 696 3517 ..
714 3467 818 3529 octenni,
830 3469 875 3518 1³¹.
893 3508 926 3518 ..
947 3466 1094 3531 euffrcpinc,
1105 3466 1190 3517 RTd.
1211 3505 1243 3515 ..

123 3530 213 3589 orarit
225 3532 306 3580 omitt.
318 3532 373 3581 Rd.
392 3571 424 3581 ..
442 3548 514 3595 aeque
526 3532 561 3582 ad
572 3541 607 3582 ter
621 3542 727 3597 septem
738 3551 825 3597 canos,
836 3535 880 3583 12².
903 3550 976 3596 usqae
988 3533 1023 3583 ad
1034 3542 1069 3583 ter
1079 3540 1198 3596 septenos,
1214 3525 1243 3582 θ.

122 3596 191 3658 atqui
200 3593 235 3662 ml
246 3603 281 3644 ter
291 3605 403 3660 septenos,
416 3599 440 3647 d.
459 3597 494 3656 ad
503 3614 579 3647 aanor
589 3615 661 3663 usqae
673 3609 708 3650 ter
717 3609 830 3664 reptatas,
842 3597 894 3666 βγ.
912 3598 948 3649 ad
954 3617 1029 3649 annos
1038 3608 1122 3664 quater
1129 3606 1244 3664 septenos,

122 3680 141 3713 r.
161 3662 218 3712 Om.
230 3665 276 3713 R'.
295 3704 326 3713 ..
344 3662 591 3727 tam-plenitudinem
603 3681 654 3716 om.
666 3668 710 3717 nt

156 3767 242 3830 5217.
266 3760 405 3828 bubuloque,
421 3764 529 3816 Aristot
545 3780 632 3829 gener.
649 3767 725 3818 anim.
743 3775 770 3830 t,
789 3770 812 3818 7.
825 3783 849 3832 p.
864 3765 930 3820 7371)
945 3775 984 3819 15.
1002 3808 1034 3818 ..
1053 3764 1245 3818 circumvelatum

122 3829 221 3881 similata
233 3830 335 3882 volatum
346 3829 445 3881 simiam
456 3839 553 3894 astura,
565 3833 596 3884 R.
615 3874 647 3884 ..
665 3833 817 3886 labaetiam
829 3833 903 3897 tatas,
915 3837 947 3886 R.
966 3875 1000 3885 ..
1022 3833 1157 3900 applicatis,
1169 3837 1193 3886 d
1212 3876 1244 3895 .‚

123 3898 235 3964 rigantes,
247 3901 278 3951 R
297 3941 329 3951 ...
349 3905 438 3962 teretes,
449 3899 481 3951 R.
500 3899 615 3964 iateretes,
627 3902 679 3953 Td.
699 3941 730 3952 ...
748 3909 781 3964 at,
793 3903 863 3954 Tdr.
881 3908 911 3965 et,
924 3904 956 3953 R.
977 3943 1008 3952 ..
1026 3900 1051 3951 in
1063 3918 1207 3967 unoquoque,
1220 3905 1244 3954 d.

123 3982 221 4031 quoque,
233 3969 264 4019 Τ.
283 3983 396 4032 quaeqae,
408 3984 428 4018 r.
446 3965 546 4032 labique
558 3984 610 4033 que,
621 3968 652 4019 R

151 4063 242 4128 Ι5218.
264 4067 316 4119 Nee
331 4067 368 4129 lu',
385 4062 446 4120 ΒΘ.
468 4059 556 4138 Nffl,
575 4071 598 4120 d.
622 4068 673 4132 Ne,
686 4070 716 4122 T.
734 4068 818 4134 Neque
830 4069 855 4132 a',
867 4065 917 4136 βγ.
937 4109 968 4120 ..
986 4067 1127 4131 allailaatar,
1139 4071 1192 4123 Td.
1211 4111 1244 4122 .-

123 4132 339 4197 vulnerandam,
350 4137 382 4185 R.
401 4175 432 4187 ..
446 4137 586 4202 macseetis,
599 4138 651 4188 Rd.
667 4135 788 4201 perfectas,
800 4139 832 4189 Κ.
848 4138 994 4202 praefectus,
1005 4133 1034 4198 β.
1053 4180 1084 4189 ..
1108 4140 1244 4200 constetit

123 4199 169 4262 (ex
185 4198 262 4263 corr.)
284 4198 327 4253 ..’
339 4201 512 4268 trs-poneris,
529 4199 638 4257 ROTd.
662 4221 703 4255 cae
715 4203 782 4256 molli
788 4204 889 4271 piscium
900 4205 993 4271 paneri,
1008 4201 1038 4266 β.
1057 4247 1088 4260 ..
1108 4215 1199 4270 meant,
1211 4208 1243 4257 R.

124 4308 155 4317 ..
174 4266 292 4333 innatant,
305 4271 328 4319 d.
346 4269 438 4334 latent,
449 4271 481 4322 Β.
