2896 4800
142 255 203 319 116
494 269 697 318 nannenus
720 269 914 319 HISTORIAE

140 422 238 489 etiam
259 420 286 484 si
307 442 371 504 qua
391 421 520 488 invecta
541 422 593 500 sit,
616 423 724 488 emori.
745 421 831 488 Nam
851 423 932 488 haec
950 443 1078 506 quoque
1099 424 1181 489 mira
1202 447 1263 490 na·

141 535 230 589 turae
252 521 450 600 differentia3
473 523 537 588 alia
557 522 628 589 aliis
649 522 728 589 locis
749 532 849 612 negat
867 534 1030 606 tamquam
1051 545 1173 610 genera
1192 527 1263 592 fru-

139 646 219 712 gum
246 624 438 689 fruticumve
468 623 514 689 sic
540 632 573 688 et
593 623 792 703 animalium3
819 648 883 691 non
904 625 994 690 nasci
1017 626 1262 706 translaticium,

139 728 266 792 invecta
294 726 394 790 emori
420 725 545 789 mirum.
583 723 681 806 Quod
709 727 788 791 illud
816 737 865 792 est
890 726 987 791 unius
1013 728 1142 814 generis
1165 727 1263 793 saluti

140 827 310 892 adversum
338 848 462 911 quaeve
491 825 531 891 iis
553 837 686 892 naturae
706 828 827 893 invidia
849 837 906 893 aut
927 828 982 913 qui
1004 838 1162 903 terrarum
1184 829 1264 894 dicti

140 927 255 993 avibus
283 927 432 994 termini?
463 925 596 992 Rhodos
621 929 763 1013 aquilam
790 952 854 994 non
882 928 997 1008 habet3
1030 930 1264 1015 Transpadana
1277 946 1307 994 tt

139 1027 234 1101 Italia
262 1028 354 1092 iuxta
375 1027 474 1112 Alpis
495 1027 630 1094 Larium
650 1030 757 1095 lacum
778 1031 919 1117 appellat
940 1052 1109 1096 amoenum
1130 1029 1263 1098 arbusto

140 1153 230 1218 agro,
262 1129 305 1203 ad
331 1151 428 1213 quem
455 1128 595 1195 ciconiae
622 1152 687 1196 non
715 1141 881 1217 permeant
908 1130 1003 1196 sicuti
1029 1153 1090 1197 neo
1117 1141 1263 1199 octavum

141 1231 220 1297 citra
238 1229 378 1317 lapidem
400 1228 442 1295 ab
464 1252 518 1305 eo;
540 1231 686 1296 inmensa
706 1232 825 1316 alioqui
838 1231 972 1299 finitimo
987 1232 1176 1300 Insubrium·
1193 1243 1262 1298 tra·

140 1344 194 1398 ctu
215 1332 364 1399 examina
384 1331 588 1419 graculorum
608 1332 861 1412 monedularum,
895 1333 948 1399 cui
976 1334 1035 1401 soli
1062 1335 1115 1401 avi
1140 1332 1261 1398 furaci-

140 1445 189 1498 tas
211 1433 337 1522 argenti
357 1432 491 1516 aurique
512 1434 685 1520 praecipue
699 1435 781 1499 mira
795 1445 853 1500 est
875 1434 975 1502 Picus
988 1434 1127 1501 Martius
1146 1435 1181 1499 in
1194 1434 1262 1500 Ta·

139 1534 264 1600 rentino
291 1555 370 1622 agro
397 1543 535 1621 negatur
562 1555 642 1599 esse.
679 1534 793 1621 Nuper
821 1546 854 1602 et
873 1537 979 1602 adhuc
1001 1547 1108 1602 tamen
1127 1557 1200 1601 rara
1221 1536 1263 1603 ab
1277 1550 1308 1599 ta

139 1634 336 1720 Appennino
362 1635 404 1700 ad
430 1635 544 1707 urbem
573 1658 686 1701 versus
714 1637 801 1704 cerni
822 1659 956 1723 coepere
977 1639 1123 1725 picarum
1143 1658 1264 1724 genera

140 1760 222 1822 quae
243 1736 340 1826 longa
361 1737 504 1824 insignes
526 1738 628 1803 cauda
649 1739 757 1804 variae
779 1740 982 1826 appellantur
988 1764 998 1816 3
1025 1741 1191 1825 proprium
1212 1738 1263 1804 his

141 1839 320 1904 calvescere
349 1838 497 1904 omnibus
524 1838 616 1903 annis
638 1861 712 1905 oum
733 1851 881 1906 serantur
901 1862 991 1925 rapa.
1023 1839 1177 1905 Perdices
1197 1862 1263 1906 non

140 1938 337 2004 transvolant
356 1937 508 2005 Boeotiae
534 1940 607 2005 finis
634 1942 668 2005 in
688 1941 800 2006 Attica
825 1963 886 2006 nec
913 1942 979 2005 ulla
1000 1940 1069 2006 avis
1089 1941 1124 2012 in
1144 1940 1262 2018 Ponto,

138 2040 245 2106 insula
266 2062 330 2124 qua
353 2041 498 2127 sepultus
520 2052 569 2107 est
590 2041 744 2122 Achilles,
767 2052 925 2107 sacratam
945 2041 976 2108 ei
997 2041 1120 2107 aedem.
1140 2040 1181 2105 In
1201 2040 1263 2106 lti-

140 2143 256 2208 denate
278 2164 357 2230 agro
378 2143 469 2207 iuxta
489 2143 603 2209 urbem
626 2143 766 2208 ciconiae
787 2164 848 2208 nec
869 2143 975 2228 pullos
996 2164 1056 2208 nec
1077 2143 1188 2207 nidum
1209 2142 1262 2206 la-

140 2243 228 2309 ciunt
235 2268 244 2321 3
281 2253 315 2309 at
344 2244 380 2309 in
410 2267 526 2331 agrum
551 2244 800 2311 Volaterranum
832 2243 1032 2330 palumbium
1061 2243 1110 2309 vis
1136 2265 1155 2309 e
1180 2242 1263 2330 mari

140 2345 312 2430 quotannis
332 2346 471 2411 advolat.
497 2346 620 2413 Romae
641 2346 676 2410 in
696 2346 812 2411 aedem
832 2344 984 2410 Herculia
1004 2344 1040 2409 in
1060 2345 1131 2411 foro
1151 2342 1262 2410 boario
1276 2356 1307 2403 ⁷⁹

139 2468 201 2513 neo
221 2467 353 2511 muscae
374 2469 436 2512 nec
458 2470 554 2513 canes
574 2447 705 2511 intrant.
725 2446 833 2511 Multa
853 2457 1021 2533 praeterea
1043 2446 1159 2511 similia
1179 2467 1263 2530 quae

139 2546 284 2632 prudens
311 2545 447 2611 subinde
475 2547 586 2613 omitto
611 2546 646 2611 in
667 2546 802 2632 singulis
823 2547 1014 2635 generibus‚'
1033 2546 1163 2612 fastidio
1184 2568 1264 2632 par-

140 2669 227 2724 cens,
259 2644 382 2731 quippe
410 2667 483 2710 cum
510 2646 751 2732 Theophrastus
781 2647 886 2713 medat
912 2646 1100 2714 invecticias
1130 2669 1200 2713 esse
1226 2647 1262 2712 in

139 2747 222 2812 Asia
250 2746 347 2812 etiam
374 2746 538 2813 columbas
565 2755 599 2813 et
619 2768 761 2833 pavones
782 2757 816 2814 et
836 2769 951 2815 corvos
973 2748 1060 2816 etin
1083 2745 1280 2842 Cyrenaica,

138 2847 259 2920 voculis
278 2868 383 2913 ranas.

155 3028 179 3071 et
187 3022 263 3087 ett'um
272 3039 292 3074 r.
302 3063 334 3074 ..
347 3022 426 3088 amori
437 3023 492 3076 Rd.
510 3026 629 3088 emoritur,
640 3022 691 3092 βγ.
704 3026 824 3079 Ceterum
835 3025 952 3080 asotia.
965 3029 1095 3088 11,14.-
1110 3021 1146 3086 lte,
1156 3022 1189 3075 R.
1201 3019 1261 3082 teto,

138 3090 247 3143 Salmas.
259 3106 341 3143 exerc.
353 3109 379 3158 p.
393 3098 449 3145 124.
461 3110 485 3144 a.
497 3096 527 3146 11.
541 3109 574 3145 ex
584 3095 663 3146 libris.
681 3136 713 3144 -
723 3095 895 3158 fruticumque,
907 3094 1015 3146 Salmas.
1027 3109 1042 3144 e
1053 3093 1133 3143 libris.
1152 3131 1184 3142 ..
1207 3087 1261 3139 cni·

137 3157 235 3209 mulium
251 3160 330 3221 nara,
345 3161 378 3212 Κ.
404 3202 437 3212 ..
462 3161 520 3214 Non
534 3163 604 3212 uacci
617 3179 658 3224 eu,
675 3163 783 3214 Salmas.
801 3178 815 3212 e
830 3161 908 3213 libris.
931 3162 983 3212 Sed
994 3176 1137 3225 pronomen
1149 3175 1207 3209 cum
1217 3153 1263 3228 ssr

138 3230 220 3278 omitt.
232 3230 279 3279 Ru
290 3225 418 3291 (Murbac.
431 3237 456 3280 et
468 3233 540 3280 codd.
551 3233 616 3281 Bnd.
629 3234 660 3281 de
672 3247 720 3281 ass.
732 3246 756 3294 p.
770 3227 841 3294 218.)
854 3270 886 3279 ..
907 3227 1116 3286 aamtauciorum,
1128 3228 1206 3277 Κ...
1224 3224 1263 3273 iu·

136 3303 204 3344 vecta
215 3297 294 3358 emori,
306 3299 390 3348 Rhen.
402 3298 434 3347 R.
456 3295 557 3347 invictae
568 3297 636 3359 mori,
649 3300 686 3349 d¹.
712 3298 817 3346 invectae
829 3295 896 3359 mori,
909 3299 946 3347 d2.
972 3292 1133 3353 invictarum,
1145 3293 1260 3342 Murbao.

136 3363 228 3411 invectu
239 3364 305 3423 mori,
316 3365 343 3413 K
355 3363 441 3426 (codd.
452 3363 532 3428 Bnd.)
551 3405 583 3415 ...
605 3364 682 3424 Quod,
692 3365 718 3414 R
727 3358 770 3416 Sd
781 3365 910 3428 (Murbac.
922 3372 948 3415 et
959 3364 1033 3412 codd.
1046 3356 1166 3418 Salmas.)
1187 3355 1260 3417 Quid,

136 3431 163 3480 Κ
174 3426 262 3491 (codd.
274 3429 354 3493 Bud.)
365 3426 415 3495 βγ.
433 3432 521 3482 Verba
536 3430 763 3489 Quod-aduersum
775 3449 825 3490 om.
835 3435 865 3484 Τ.
879 3473 911 3482 -
923 3428 985 3480 illud
994 3435 1035 3488 est,
1046 3421 1120 3477 Iton
1132 3424 1259 3487 (Murbao.

137 3498 247 3548 etcodd.
260 3496 383 3561 Salmas.)
410 3499 528 3577 atenim,
542 3501 615 3549 codd.
628 3502 693 3550 Bud.
720 3507 755 3548 est
766 3499 838 3562 illud,
850 3496 933 3564 Κβγ.
961 3537 993 3548 ..
1018 3493 1084 3555 aliti,
1095 3494 1209 3546 PintK.
1226 3532 1259 3543 -

136 3563 1150 3698 11111111..11111111111111,1111111111
1160 3558 1214 3627 ‘⁹⁷'
1227 3601 1261 3620 ·‘

169 3703 185 3772 ξ
199 3705 239 3759 77.
257 3700 347 3763 Rudas,
360 3703 414 3761 Rd.
431 3701 539 3762 Rhodus,
551 3699 603 3768 βγ.
622 3744 654 3755 ..
671 3702 748 3768 Alpes
760 3720 811 3759 om.
824 3706 861 3753 d¹.
873 3744 906 3752 -
925 3701 1003 3751 lucum
1014 3701 1125 3763 Larium,
1137 3695 1260 3751 Ambr.L

137 3809 169 3819 ..
186 3771 320 3832 arbustula,
332 3773 400 3822 Pint.
419 3811 451 3821 ..
469 3787 563 3835 aprum,
574 3773 608 3822 Κ.
631 3812 663 3822 ..
684 3773 883 3836 permanead.
902 3777 1056 3830 uocauerant,
1068 3771 1101 3820 K.
1125 3771 1261 3823 emmeant,

136 3837 226 3888 Ambr.
236 3837 257 3888 1.
269 3847 355 3901 meunt,
364 3839 453 3890 Ambr.
463 3839 499 3890 IL
509 3881 541 3890 ..
550 3839 618 3902 sicut,
629 3841 652 3890 d.
662 3881 693 3890 „.
704 3857 740 3899 ne,
749 3841 803 3898 Rd.
812 3879 845 3889 ..
857 3838 927 3900 citra,
936 3839 961 3888 R
969 3830 1060 3889 Odor
1068 3833 1201 3899 (Ambr.L
1211 3827 1260 3894 11.)

137 3903 213 3965 circu,
227 3901 259 3966 β.
280 3947 312 3956 ..
335 3906 457 3968 incruento,
473 3910 521 3958 Rd
538 3904 641 3970 (Ambr.
659 3908 680 3958 I.
697 3907 744 3970 11.)
762 3908 885 3972 Recipere
897 3907 980 3956 voluit
991 3907 1103 3964 Broter.‚
1114 3902 1156 3952 cui
1168 3911 1261 4016 οξὲἓαε

137 3981 396 4103 tttfftttlla
407 3972 1075 4105 {tzittttaatt‘tblnssmttt'tltttui
1085 4011 1137 4105 ᾗ.
1151 3984 1197 4088 Ὗ
1218 3982 1261 4085 ..ἴῖ

136 4102 204 4177 penti
212 4104 320 4168 aurt'que,
332 4109 357 4158 R
365 4101 415 4159 Od.
433 4109 491 4158 ouri
500 4110 645 4175 carpentique,
656 4106 686 4172 β.
704 4151 736 4160 -
754 4110 814 4159 mire
825 4117 866 4170 est,
879 4125 899 4159 r.

171 4175 186 4237 ξ
200 4176 240 4224 ta.
257 4172 370 4237 Atticum,
383 4175 488 4226 Gesner.
500 4177 559 4227 hist.
572 4179 649 4228 euim.
661 4184 686 4238 3,
698 4183 756 4229 671.
775 4177 895 4230 Ceterum
906 4192 930 4227 v.
943 4177 1025 4228 Solia.
1040 4181 1062 4239 7,
1075 4181 1116 4228 28.
1131 4215 1162 4226 ..
1180 4169 1261 4232 Ponat,

137 4258 157 4295 r.
175 4239 303 4297 V.Solin.
318 4246 393 4305 19,1.
413 4283 444 4295 ..
462 4258 517 4308 quc,
527 4245 642 4303 Murbac.
662 4284 694 4296 ..
712 4244 811 4310 {affectat
821 4251 952 4306 metum,
963 4260 983 4295 r.
