2896 4800
111 233 176 296 422
466 244 670 291 usrusnars
691 243 888 291 mesonma

155 399 197 465 V.
227 401 257 463 7.
286 397 373 464 Vmo
395 407 510 461 natura
538 410 589 464 est
619 398 736 464 hausto
761 394 958 463 accendendi
986 396 1090 461 calore
1110 395 1287 463 viscereae

113 503 211 581 intus,
240 500 320 566 foris
339 499 448 564 infuso
468 499 692 588 refrigerandi.
727 497 798 564 Nec
823 498 964 563 alienum
989 497 1085 563 luerit
1106 517 1242 564 conme-

113 625 238 670 morare
263 602 324 668 hoc
349 603 384 666 in
408 602 480 668 loco
508 600 595 687 quod
622 600 837 686 Androcydes
864 598 1023 684 sapientia
1054 599 1163 665 clarus
1195 600 1242 665 ad

113 705 334 771 Alexandmm
354 725 508 790 magnum
529 703 669 790 scripsit,
690 701 969 787 intemperantiam
982 701 1052 767 eius
1065 700 1241 768 cohibens:

114 805 248 887 „vinum
273 815 409 892 poturus
435 827 494 870 rex
519 814 678 875 memento
705 804 815 870 bibere
842 813 874 869 te
902 802 1092 890 sanguinem
1113 813 1240 882 terrae3

112 910 219 976 'cicuta
238 907 404 972 bominum
424 928 584 973 venenum
605 917 664 986 est,
686 906 810 972 cicutae
827 905 971 970 vinum.'’
996 902 1127 986 Quibus
1139 927 1241 991 prae·

112 1011 218 1097 septis
239 1009 292 1074 ille
316 1008 343 1074 si
364 1009 666 1096 optemperavisset,
688 1007 834 1095 proiecto
855 1005 975 1072 amicos
995 993 1031 1070 in
1052 1005 1243 1072 temulentia

113 1134 180 1177 non
199 1111 428 1190 interemisset,
456 1133 590 1196 prorsus
615 1120 654 1176 ut
674 1110 748 1175 iure
776 1108 842 1174 dici
863 1107 966 1194 possit
985 1128 1092 1191 neque
1113 1106 1242 1174 viribus

117 1213 258 1299 corporis
278 1211 389 1279 utilius
411 1212 499 1279 aliud
519 1233 625 1299 neque
643 1209 863 1300 voluptatibus
883 1208 1108 1298 perniciosius,
1131 1209 1243 1275 simo·

116 1313 178 1379 dus
200 1311 296 1378 absit.

157 1414 219 1480 VI.
240 1417 272 1480 8.
295 1413 426 1481 Genera
447 1424 555 1480 autem
575 1414 643 1480 vini
664 1413 727 1480 alia
747 1413 818 1480 aliis
839 1412 980 1500 gratiora
1001 1433 1073 1478 esse
1088 1411 1162 1495 quis
1177 1411 1240 1476 du·
1255 1429 1289 1474 aa

79 1603 82 1607 ·
116 1515 207 1592 bitet,
235 1526 377 1580 autnon
399 1538 441 1580 ex
461 1515 575 1581 codem
594 1515 669 1580 lacu
689 1514 778 1579 aliud
802 1513 1019 1601 praestantius
1039 1513 1142 1579 altero
1162 1535 1240 1600 ger·

116 1614 304 1680 manitatem
324 1615 518 1702 praeoedere
541 1616 609 1682 sive
631 1625 713 1681 testa
728 1615 796 1681 sive
808 1615 939 1681 fortuito
953 1615 1090 1680 eventu?
1113 1612 1241 1695 Quam-

117 1715 230 1782 obrem
243 1716 286 1782 de
299 1715 483 1803 principatu
498 1739 533 1784 se
543 1716 681 1803 quisque
690 1717 832 1783 iudicem
842 1725 970 1782 statuet.
991 1715 1075 1782 Iulia
1085 1714 1243 1804 Augusta

116 1838 236 1883 nxxxn
261 1840 364 1885 annos
390 1819 474 1887 vitae
500 1819 627 1886 Pucino
653 1819 729 1886 vino
757 1819 867 1884 retulit
893 1828 1055 1905 acceptos,
1082 1839 1148 1882 non
1175 1817 1241 1882 alio

118 1940 188 1986 usa.
212 1918 368 2008 Gignitur
387 1920 423 1988 in
444 1921 518 1988 sinu
531 1920 718 1987 Hadriatici
738 1921 836 1986 maris
856 1942 922 1986 non
943 1919 1057 2005 procul
1069 1942 1091 1984 a
1103 1918 1241 1984 Timavo
1255 1934 1289 1978 so

118 2022 217 2102 fonte,
241 2045 337 2089 saxeo
358 2023 448 2102 colle,
470 2021 630 2088 maritimo
652 2021 772 2087 adflatu
792 2043 912 2108 paucas
933 2030 1091 2106 coquente
1104 2019 1241 2106 ampho-

116 2144 182 2203 ras,
204 2145 266 2190 nec
286 2123 375 2189 aliud
394 2121 506 2210 aptius.
522 2121 766 2188 medicamentis
786 2120 963 2197 iudicatum
992 2121 1055 2187 boc
1075 2141 1144 2188 esse
1166 2141 1242 2185 cre-

118 2224 255 2291 diderim
286 2224 373 2309 quod
401 2221 520 2290 Graeci
547 2223 746 2293 celebrantes
772 2222 863 2288 miris
890 2221 1042 2288 laudibus
1062 2222 1242 2288 Praetetia-

117 2347 196 2391 num
232 2325 466 2413 appellaverint
503 2348 545 2392 ex
576 2324 765 2390 Hadriatico
804 2324 885 2389 sinu.
933 2323 1038 2390 Divos
1068 2321 1243 2411 Augustus

118 2424 268 2494 Setinum
296 2427 449 2514 praetulit
471 2427 598 2494 'cuncis
627 2436 660 2493 et
686 2427 757 2494 fer-e
777 2424 886 2491 secuti
907 2424 1071 2514 principes
1093 2425 1245 2509 confessa

77 2588 91 2598 .
117 2538 252 2614 propter
272 2528 507 2614 experimenta,
534 2551 600 2594 non
624 2538 744 2594 temere
771 2526 983 2594 cruditatibus
1008 2526 1118 2594 noxiis
1139 2527 1182 2592 ab
1204 2547 1244 2592 ea

120 2628 236 2704 saliva3
264 2628 409 2694 nascitur
436 2650 536 2715 supra
562 2628 685 2694 Forum
713 2629 815 2716 Appi.
850 2627 961 2694 Antea
990 2625 1143 2709 Caecubo
1172 2638 1243 2700 erat
1257 2641 1287 2686 ⁶¹

153 2801 222 2864 §5⁸-
239 2798 396 2864 Aadrccides,
407 2801 565 2860 Freinshsm.
577 2804 611 2852 ad
622 2802 692 2854 Cart.
704 2803 808 2866 mm,
823 2809 862 2855 19.
881 2843 913 2853 ..
930 2799 972 2866 ad,
985 2817 1037 2852 om.
1047 2816 1068 2851 e.
1086 2843 1119 2853 ..
1133 2807 1243 2866 potans,

120 2862 241 2919 OTacd.
258 2865 434 2933 potaturasfi.
457 2911 489 2921 ...
513 2869 591 2920 bibere
602 2878 631 2933 te,
644 2874 707 2923 scd.
731 2866 909 2936 tebebere,'137.
933 2908 966 2921 ..
994 2869 1147 2929 aurarius
1168 2871 1207 2920 At
1217 2877 1243 2927 t.

119 2936 213 2987 Muret.
228 2952 280 2988 var.
295 2937 354 2988 leot.
373 2944 413 3001 10,
429 2944 454 2990 2'.
472 2953 530 2989 cam
545 2946 608 2989 nota
623 2939 730 2991 Ruhnk.
753 2980 786 2991 ..
811 2938 889 2988 acam
905 2936 1022 2986 lammam
1039 2953 1151 2986 caenam
1167 2944 1208 2998 est,
1220 2952 1243 2987 o.

118 3003 197 3053 dcam
212 3002 302 3055 lamini
311 3021 421 3056 mecam
432 3012 475 3065 est,
487 3005 533 3057 Τὸ
544 3003 631 3070 (codd.
642 3004 771 3069 Barbari.)
788 3005 859 3056 εἰαιίί
872 3020 983 3054 ammam
992 3011 1027 3054 est
1037 3003 1132 3066 Mami,
1142 3020 1166 3054 a.
1182 3002 1245 3054 secra

118 3071 197 3122 aare
213 3071 302 3123 domiai
316 3090 427 3124 amenum
444 3081 486 3136 est,
502 3069 532 3136 β.
555 3115 588 3125 ..
614 3073 713 3137 drama
730 3075 816 3128 Tacd
832 3072 921 3138 (codd.
937 3069 1066 3136 Barbari.)
1092 3072 1128 3121 sie
1143 3072 1245 3133 cicutas,

118 3135 149 3201 β.
167 3181 199 3191 ..
221 3140 302 3204 illesi,
314 3142 383 3194 Sed.
405 3141 446 3192 ille
455 3143 498 3204 sic,
510 3159 533 3193 a.
556 3142 580 3191 si
590 3141 637 3204 ille,
649 3139 700 3209 βγ.
718 3183 751 3193 ..
773 3141 985 3207 obtemperavisset,
997 3140 1059 3192 Stl2.
1077 3139 1246 3204 obtemperavit

120 3215 154 3268 at,
166 3211 204 3259 d'.
226 3209 392 3274 obtemperabit
402 3217 436 3271 et,
448 3226 470 3260 c.
492 3211 659 3273 obtemperavit
668 3218 706 3273 at,
718 3227 741 3261 a.
764 3252 797 3261 ..
820 3208 890 3260 aliud
900 3225 985 3272 amaa,
996 3209 1069 3260 Tcd.
1091 3206 1162 3256 aliud
1171 3222 1247 3270 aeque

119 3274 194 3338 aliud,
205 3273 256 3343 βγ.
277 3279 319 3328 De
330 3293 347 3327 a
357 3293 411 3328 non
422 3279 510 3342 liquet.
533 3276 602 3327 aliod
610 3278 634 3328 si
643 3276 726 3328 modas
737 3276 807 3327 adeat
816 3294 898 3342 aeque,
909 3278 999 3329 Dalec.
1018 3315 1050 3326 ..
1076 3273 1245 3337 voluptatium,

120 3345 189 3394 delet
199 3347 292 3397 Muret.
303 3361 356 3396 var.
368 3347 426 3396 lect.
440 3352 464 3407 6,
479 3352 518 3395 12.

155 3446 170 3508 5
183 3449 224 3494 59.
242 3442 300 3506 loco,
312 3447 336 3495 d.
353 3486 385 3495 -
404 3444 467 3495 aliea
474 3444 646 3509 praestantior,
659 3447 726 3497 aed.
745 3447 804 3508 Qua
816 3463 849 3497 ex
858 3448 981 3512 scriptura
991 3449 1095 3510 apparet
1104 3441 1246 3493 lectionem

120 3513 260 3576 vulgatam,
272 3526 337 3575 quae
347 3512 396 3564 nisi
413 3528 535 3578 perquam
547 3520 663 3564 contorte
675 3512 711 3577 (v.
723 3513 862 3577 Hardain.)
874 3514 997 3580 explicari
1007 3512 1102 3576 nequit,
1120 3525 1176 3560 esse
1188 3525 1247 3562 cor-

120 3588 236 3646 ruptam3
248 3580 312 3631 mihi
324 3582 483 3632 scribendum
494 3583 595 3632 videtur
605 3579 668 3630 aliae
678 3583 869 3647 praestantioris,
882 3593 911 3634 ut
922 3585 955 3634 sit
966 3597 1067 3636 sensusr
1080 3579 1135 3645 quis
1147 3578 1248 3629 dubitet

121 3664 155 3700 ex
172 3651 261 3700 eodem
277 3649 336 3702 lacu
353 3650 501 3713 praecedere
512 3650 529 3699 i.
542 3665 564 3700 e.
576 3651 733 3714 superiorem
750 3667 804 3701 asse
821 3653 1016 3716 germanitatem
1032 3649 1098 3698 alius
1109 3647 1161 3697 vini
1171 3659 1246 3711 prae·

122 3717 250 3768 stantioris
266 3716 346 3768 altero
362 3719 379 3768 i.
396 3733 416 3768 a.
434 3719 503 3768 idem
513 3719 602 3768 vinum
614 3732 650 3783 ex
658 3721 748 3770 eodem
759 3720 818 3770 lacu
830 3719 952 3770 diffusum
963 3719 1042 3768 modo
1054 3715 1154 3776 melius,
1167 3714 1246 3764 modo

124 3786 233 3836 deterius
245 3786 383 3846 exsisteret
400 3787 440 3836 De
456 3801 498 3834 vv.
516 3785 579 3835 alita
596 3794 622 3836 et
638 3784 700 3835 alter
715 3787 752 3837 ita
768 3788 816 3838 sibi
833 3788 973 3838 coniunctis
990 3801 1014 3836 v,
1031 3787 1064 3835 ad
1082 3787 1123 3845 si,
1138 3789 1194 3834 196.
1213 3821 1246 3830 .-

118 3859 178 3916 pota
189 3851 272 3914 altero,
283 3855 373 3905 Deles.
391 3894 423 3904 ..
441 3852 471 3913 si,
486 3846 515 3903 θ.
534 3894 567 3904 ..
583 3860 679 3917 stataet,
692 3848 762 3905 tiae.
780 3855 870 3918 statuit,
882 3857 936 3906 Td.
952 3859 1052 3915 statuat,
1063 3847 1086 3913 β
1090 3865 1116 3916 7.
1135 3891 1166 3900 ..
1184 3847 1247 3907 viae,

127 3911 245 3971 OTacd.
264 3922 353 3979 Omitt.
367 3922 441 3973 codd.
453 3920 510 3974 Gal.
522 3917 551 3983 β.
570 3962 603 3971 -
621 3920 670 3970 alio
681 3938 734 3986 asa,
746 3926 819 3975 codd.
832 3923 888 3976 Gel.
906 3921 956 3974 alic
967 3937 1020 3984 asa,
1032 3923 1077 3971 cd.
1095 3916 1212 3983 aliquas,
1221 3929 1246 3967 a.

122 4001 218 4050 aquosa
228 4006 250 4042 r.

158 4088 226 4150 §tta
248 4089 319 4152 collo,
332 4107 374 4142 ac.
399 4132 430 4140 ..
454 4088 521 4138 mirri
538 4087 647 4140 auditas
663 4088 854 4153 celebrantem.
878 4132 910 4142 ..
933 4089 1128 4149 diocletianam,
1146 4088 1183 4137 ita
1198 4101 1248 4136 nos

125 4154 277 4219 scripsimus.
302 4158 464 4222 praeciaaam,
477 4171 543 4222 aer.
568 4157 728 4222 waiciaaam,
744 4152 773 4209 θ.
796 4158 958 4220 Praitiaaam,
971 4158 1025 4208 Τὰ,
1046 4156 1209 4221 praictaaam,
1220 4153 1247 4205 S.

8 4298 14 4305 .
125 4221 263 4287 Pycanon,
279 4218 309 4285 β·
335 4221 554 4291 Paraetypianaa,
570 4226 638 4278 Pint.
656 4232 681 4278 et
697 4227 818 4280 Schnad.
836 4229 870 4279 ad
888 4225 1050 4278 Colum.11L
1063 4231 1087 4288 a,
1100 4229 1141 4276 as.
1167 4222 1207 4276 At
1222 4237 1247 4271 v.
