2896 4800
17 235 21 246 Ι
186 272 247 335 116
535 282 738 331 uarunmrs
759 281 954 331 msroman

228 437 345 504 XLII.
368 437 419 501 64.
448 435 565 499 Eidem
587 434 776 499 Alexandro
798 445 831 499 et
853 434 928 518 equi
954 455 1072 521 magna
1092 436 1208 501 raritas
1230 456 1371 503 con-154

188 542 278 630 tigit3
300 537 508 623 Bucephalun
531 558 605 600 eum
625 544 782 601 vocarunt
803 535 871 601 sive
892 534 934 599 ab
957 536 1113 621 adspectu
1134 549 1225 604 torvo
1240 540 1308 606 sive

187 645 228 711 ab
249 640 369 730 insigni
391 638 509 704 taurini
537 637 652 722 capitis
679 659 767 703 armo
796 637 944 722 inpressi.
981 636 1154 704 Tredecim
1180 642 1308 708 talentis
1346 638 1352 647 ’

185 743 293 809 feramt
306 765 348 807 ex
361 739 520 805 Philonici
535 738 694 803 Pharsalii
715 760 817 826 grege
839 749 983 824 emptum
1005 739 1103 804 etiam
1124 751 1193 806 tum
1206 765 1308 828 puero

186 855 281 931 capto
308 844 378 909 eius
407 842 534 907 decore.
570 839 741 905 Neminem
768 839 823 905 hic
849 840 948 905 alium
969 862 1066 924 quam
1086 840 1309 910 Alexandrum

185 945 278 1033 regio
299 945 437 1010 instratu
460 952 591 1008 ornatus
612 941 736 1028 recepit
762 942 797 1004 in
825 941 945 1019 sedem,
973 941 1052 1009 alias
1077 944 1198 1029 passim
1224 947 1306 1012 reci-

182 1045 287 1133 piens.
309 1045 401 1111 Idem
422 1045 456 1109 in
478 1043 608 1131 proeliis
629 1052 824 1110 memoratae
845 1043 1014 1109 cuiusdam
1027 1045 1215 1130 perhibetur
1228 1069 1307 1133 ope·

182 1169 253 1226 rae,
288 1146 475 1212 Thebarum
503 1145 741 1232 oppugnatione
770 1145 955 1210 volneratus
983 1145 1019 1210 in
1045 1146 1145 1212 alium
1168 1150 1307 1215 transire

182 1247 406 1314 Alexandrum
420 1270 484 1313 non
497 1269 627 1333 passus,
649 1246 751 1311 multa
764 1255 932 1332 praeterea
946 1245 1093 1313 ciusdem
1110 1249 1208 1328 modi,
1229 1272 1306 1335 pro-

182 1360 256 1435 pter
277 1371 361 1434 quae
382 1360 441 1415 rex
462 1349 617 1414 defuncto
640 1348 671 1413 ei
692 1347 786 1413 duxit
805 1347 978 1432 exsequias
992 1348 1170 1435 urbemque
1184 1353 1307 1418 tumulo

183 1450 395 1515 circumdedit
415 1449 542 1515 nomine
565 1450 644 1514 eius.
666 1447 737 1514 Nec
757 1446 907 1514 Caesaris
929 1449 1096 1516 dictatoris
1114 1466 1369 1536 quemquam1⁵⁵

182 1551 279 1616 alium
307 1551 469 1636 recepisse
497 1550 591 1615 dorso
619 1572 719 1634 equos
741 1550 878 1615 traditur
898 1549 1049 1635 idemque
1072 1552 1182 1617 similis
1202 1553 1306 1618 homi-

181 1651 233 1717 nis
255 1652 356 1737 pedes
377 1649 502 1736 priores
522 1648 687 1728 habuisse,
714 1651 776 1715 hac
798 1651 907 1738 effigie
928 1651 1052 1718 locatus
1073 1662 1147 1717 ante
1168 1650 1306 1718 Veneris

183 1749 365 1820 Genetricis
394 1752 518 1818 aedem.
551 1749 646 1816 Fecit
673 1760 706 1816 et
726 1750 819 1818 divos
839 1751 1014 1840 Augustus
1034 1774 1116 1836 equo
1138 1752 1304 1830 tumulum,

183 1853 225 1920 de
253 1876 317 1939 quo
340 1851 524 1919 Germanioi
548 1850 699 1918 Caesaris
728 1875 857 1918 carmen
884 1864 943 1918 est.
975 1853 1151 1940 Agrigenti
1172 1855 1306 1940 conplu-

184 1955 268 2019 rium
291 1978 446 2040 equorum
468 1954 581 2020 tumuli
602 1953 788 2039 pyramidas
809 1955 939 2020 habent.
975 1955 1104 2039 Equom
1124 1955 1307 2021 adamatum

184 2081 205 2123 a
231 2054 442 2123 Semiramide
473 2079 579 2143 usque
611 2057 646 2122 in
674 2057 794 2122 coitum
818 2056 902 2122 Iuba
928 2067 1040 2122 auctor
1067 2067 1126 2125 est.
1162 2051 1306 2142 Scythici
1322 2070 1370 2115 1⁵6

186 2159 317 2242 quidem
348 2160 511 2244 equitatus
544 2180 699 2243 equorum
730 2158 834 2246 gloria
861 2168 1023 2244 strepunt:
1061 2159 1169 2225 occiso
1195 2158 1307 2247 regulo

185 2282 225 2327 ex
250 2262 479 2347 provocatione
506 2261 678 2326 dimicante
705 2260 833 2326 hostem
864 2282 938 2326 cum
966 2260 1070 2326 victor
1096 2261 1138 2326 ad
1168 2261 1307 2347 spolian-

185 2361 264 2427 dum
295 2363 439 2428 venisset
470 2362 511 2428 ab
544 2383 627 2446 equo
659 2361 728 2426 eius
760 2361 876 2428 ictibus
913 2382 1087 2445 morsuque
1119 2364 1307 2442 confectum,

185 2461 284 2525 alium
311 2461 451 2529 detracto
479 2463 644 2533 oculorum
670 2462 868 2547 operimento
896 2472 930 2528 et
957 2462 1086 2549 cognito
1102 2485 1187 2529 -cum
1207 2475 1308 2529 matre

222 2702 305 2765 5154.
322 2700 397 2765 Idan,
407 2706 430 2755 d.
442 2703 476 2755 V.
488 2703 502 2766 §
514 2709 571 2757 149.
585 2702 705 2756 (letarum
713 2719 737 2755 v.
750 2704 829 2756 Solin.
843 2710 883 2768 45,
897 2710 929 2765 8.,
942 2705 986 2769 qui
996 2719 1117 2769 magnam
1128 2705 1204 2756 huius
1216 2705 1307 2756 sectio-

187 2769 228 2820 nis
244 2777 341 2834 partem
357 2772 496 2836 exscripsit.
515 2814 547 2822 -
570 2770 767 2832 Alexander.,d.
789 2814 822 2822 -
846 2771 1001 2837 bucephalan,
1012 2776 1030 2823 d
1042 2770 1127 2834 (codd.
1140 2790 1180 2838 ap.
1193 2774 1307 2825 Gronov.

188 2837 221 2887 ad
233 2837 299 2888 Gall.
314 2844 337 2899 5,
350 2837 387 2901 2.)
405 2839 553 2903 bucephalan,
564 2835 643 2903 Rdr.
656 2839 690 2890 V.
700 2839 732 2891 G.
740 2840 859 2892 Dindorf.
871 2841 898 2890 in
910 2840 1034 2905 Stephani
1044 2843 1163 2892 thesauro
1174 2849 1200 2891 et
1208 2841 1306 2891 Iacobs.

187 2906 221 2954 ad
231 2905 334 2963 helian.
346 2906 406 2955 hist.
418 2921 459 2957 an.
472 2914 496 2968 t,
508 2914 548 2957 44.
566 2950 598 2958 -
617 2908 648 2956 im
680 2908 746 2971 escit,
759 2911 783 2959 d.
806 2907 931 2972 impresso,
942 2911 967 2959 R
979 2907 1006 2972 (e
1018 2906 1096 2972 corr.)
1119 2950 1151 2958 -
1178 2907 1306 2967 Tectam,

186 2971 254 3022 Bud.
263 2975 297 3022 'de
308 2987 363 3023 asse
374 2987 400 3037 p.
413 2979 471 3024 320.
488 2975 521 3025 X
525 2974 569 3038 VI,
580 2978 626 3028 Rd
652 3012 658 3025 .
685 3017 717 3026 ..
744 2983 846 3040 captum,
859 2977 884 3027 d.
911 3017 943 3027 ..
969 2975 1085 3039 immam,
1105 2977 1158 3027 Rd.
1185 2975 1306 3035 instratus,

186 3033 237 3104 βγ.
254 3047 340 3102 stram,
353 3039 435 3091 Solin.
452 3082 484 3092 ..
503 3051 608 3105 ornatus,
620 3047 664 3095 R2.
683 3051 760 3106 mitat,
772 3046 818 3095 1³¹.
836 3050 929 3105 ornatu,
942 3039 1013 3109 dssr.
1032 3085 1064 3094 ..
1086 3042 1157 3106 alim,
1171 3044 1307 3094 hancFla-

186 3107 221 3156 vii
236 3109 379 3158 Ptolemaei
393 3109 421 3158 in
437 3110 539 3160 Gruteri
554 3113 631 3176 lamp.
648 3112 702 3162 crit.
720 3117 748 3173 l,
765 3117 823 3163 962.
839 3112 1010 3162 coniecturam
1028 3113 1179 3162 confirmant
1194 3103 1306 3161 ROTd.

76 3232 80 3238 Δ
186 3173 255 3236 alica,
266 3176 362 3239 Rigalt.
375 3191 416 3239 ap.
429 3177 536 3228 Salmas.
548 3193 631 3228 exerc.
643 3195 668 3242 p.
681 3182 738 3229 627.
750 3180 775 3230 h.
787 3180 830 3241 A,
838 3174 889 3243 βγ.
901 3180 1057 3242 scripturam
1068 3196 1084 3228 a
1094 3180 1169 3229 nohis
1180 3186 1307 3240 receptam

186 3242 295 3305 probant
312 3245 389 3293 etiam
405 3243 513 3295 Salmas.
530 3252 556 3294 et
571 3247 701 3296 Fabricius
713 3249 746 3296 ad
756 3248 836 3297 Dion.
849 3246 920 3296 Cass.
933 3246 964 3295 Τ.
976 3245 997 3293 Ι.
1009 3261 1035 3307 p.
1050 3249 1105 3294 145.
1130 3285 1162 3293 -
1184 3244 1307 3307 recipiens,

186 3310 212 3359 R
221 3301 292 3358 OTd
304 3306 427 3373 (Rigalt.)
445 3311 558 3374 reiiciens,
569 3308 599 3374 β.
618 3354 650 3363 -
668 3313 717 3362 eiua
728 3311 798 3376 modi,
810 3315 842 3364 Τ.

221 3410 236 3471 ξ
251 3413 307 3459 155.
323 3406 408 3456 similis
419 3408 524 3472 hominis,
536 3413 633 3464 R¹Td
650 3413 735 3463 similis
747 3412 863 3474 immunis,
874 3413 920 3462 Re
938 3409 1048 3459 laumam'e
1056 3408 1152 3469 similes,
1164 3405 1214 3476 βγ.
1233 3407 1306 3456 hami-

187 3474 225 3524 ma
236 3477 314 3526 habet
325 3477 402 3526 etiam
413 3493 433 3526 r.
451 3519 483 3528 ..
506 3478 696 3543 cumplurimum,
709 3484 733 3532 d.
752 3520 783 3530 -
802 3477 958 3544 pyramidas,
969 3480 1023 3528 Rd.
1041 3475 1192 3542 pyramides,
1204 3473 1255 3543 βγ.
1273 3519 1305 3527 ..

186 3541 390 3677 riqffll'gprgd,
402 3539 431 3604 β.
451 3586 483 3595 -
501 3545 595 3611 cultam,
606 3549 719 3600 Fabratei
730 3549 757 3597 in
768 3547 829 3596 aetia
842 3547 911 3596 erud.
923 3546 958 3596 X.
970 3547 1095 3611 supplem.
1109 3554 1169 3597 sect.
1179 3553 1202 3597 3.
1213 3562 1237 3612 p.
1249 3552 1307 3597 121.

220 3716 306 3777 §lte
324 3712 603 3780 squammeus
630 3716 691 3779 tiae,
702 3712 732 3776 β.
756 3755 786 3764 ..
810 3713 911 3779 quidem,
924 3719 1006 3769 omitt.
1018 3720 1091 3769 codd.
1105 3717 1213 3769 Salmas.
1225 3729 1306 3765 exerc.

186 3795 211 3843 p.
225 3785 282 3831 627.
293 3783 318 3830 b.
330 3785 361 3833 Ε.
381 3824 413 3833 ..
431 3801 549 3847 equorum,
562 3788 586 3837 R
619 3785 672 3835 Td.
691 3791 715 3831 et
725 3799 842 3847 equorum,
854 3779 883 3846 β.
896 3826 928 3835 -
946 3794 1060 3850 strepunt,
1072 3787 1117 3835 1³¹.
1134 3791 1250 3846 cerepum.
1261 3782 1306 3829 R2·

186 3860 212 3893 aa
223 3856 314 3909 repunt,
326 3851 350 3898 d.
368 3859 495 3913 creperum,
507 3854 581 3903 codd.
594 3852 701 3903 Salmas.
724 3851 784 3901 daec
794 3859 908 3916 repetunt,
925 3852 1033 3904 Salmas.
1055 3893 1087 3902 ..
1111 3851 1193 3910 curbo,
1205 3851 1229 3899 R
1237 3840 1307 3896 θΤᾶ

187 3909 273 3972 (codd.
287 3915 409 3978 Salmas.)
432 3918 506 3967 occiso
522 3917 628 3981 denique,
640 3936 660 3969 r.
683 3919 758 3970 accim
770 3919 868 3984 denique
877 3919 991 3984 ipsarum,
1001 3915 1031 3979 β.
1054 3958 1087 3966 -
1109 3915 1241 3976 dimicante,
1253 3915 1306 3964 Rd.

187 3976 344 4044 dimicantem,
360 3974 404 4032 Or.
428 4025 460 4034 ..
482 3979 646 4046 hostemlttl.
668 3985 777 4050 lmte,d.
795 3989 915 4040 Omittr.
939 4024 972 4034 .„
994 3983 1118 4043 victamlt.
1137 3983 1227 4034 Omitt.
1243 3976 1306 4033 Odi.

187 4085 220 4095 .-
238 4045 324 4111 alium,
339 4051 390 4100 vid.
407 4051 511 4102 Aristot.
523 4053 583 4102 hist.
596 4055 672 4102 anim.
685 4061 709 4115 9,
722 4060 762 4107 47.
785 4096 817 4106 ...
843 4068 934 4116 aequa,
945 4044 1096 4113 R9(00<1d·
1109 4048 1232 4112 Salmffld
1249 4066 1306 4113 ΨΜ,

187 4114 240 4163 Td.
272 4131 355 4178 equam
372 4115 465 4180 rudera,
482 4135 502 4168 r.
533 4134 606 4180 equae
622 4118 717 4182 eadem,
732 4119 782 4187 βγ.
810 4163 841 4172 ..
871 4118 941 4177 doro,
957 4133 978 4167 r.
1004 4157 1036 4168 ..
1069 4115 1255 4181 laceratumque,
1272 4118 1305 4168 K.

188 4176 370 4249 laceratamque,
382 4199 402 4233 r.
416 4225 446 4234 ,.
457 4184 591 4250 prariqam,
603 4187 676 4236 RTd
686 4185 771 4250 (codd.
784 4191 841 4241 (iel.
850 4194 876 4238 et
883 4184 993 4236 Victorii
1001 4185 1152 4235 adVarron.
1165 4188 1196 4237 de
1205 4203 1232 4238 re
1243 4195 1305 4237 rust.
