2896 4800
145 294 151 303 ,
178 231 240 296 328
287 246 491 294 unnuuffls
505 245 649 294 msson.
671 245 743 293 nus.
754 247 804 293 x1.
820 245 899 292 can.
910 245 987 292 ιω.
998 245 1071 293 niv.
1087 244 1186 294 sucu.
1200 247 1243 291 us.
1258 247 1305 292 no.

223 400 293 466 118.
327 397 448 465 Somno
477 418 675 482 concoquere
702 397 918 483 corpulentiae
945 419 1044 482 quam
1071 397 1214 463 firmitati
1235 399 1303 463 uti·
1318 418 1369 463 asa

177 501 241 569 lius
249 526 259 579 ;
281 501 355 567 idco
377 498 514 567 athletas
529 497 743 565 ambulatione
757 499 881 565 malunt
895 498 984 565 cibos
998 497 1170 584 perficerc;
1193 497 1303 585 pervi-

177 603 256 690 gilio
265 602 395 687 quidem
400 600 576 689 praecipue
587 599 759 666 vincuntur
770 599 844 666 cibi.
859 598 952 665 LIV.
965 597 1157 686 Augesount
1168 622 1305 687 corpora

178 703 326 771 dulcibus
347 713 443 788 atque
464 701 640 790 pinguibus
663 711 696 766 et
716 711 807 788 potu,
829 701 1017 766 minuuntur
1039 701 1133 768 siccis
1154 711 1188 767 et
1202 699 1304 766 aridis

176 804 367 892 frigidisque
389 826 428 870 ac
450 803 512 869 siti.
537 800 708 883 Quaedam
728 803 877 868 animalia
898 814 932 868 et
952 802 1095 888 pecudes
1117 823 1246 886 quoque
1268 802 1303 868 in

177 906 290 973 Africa
310 916 423 992 quarto
445 905 498 972 die
518 904 634 973 bibunt
640 928 650 981 3
677 903 798 969 homini
820 925 886 969 non
907 905 1020 990 utique
1043 913 1191 990 septumo
1205 904 1302 970 letale

178 1020 228 1075 est
247 1008 389 1074 inediam
409 1005 555 1087 durasse,
582 1017 615 1073 et
639 1007 725 1071 ultra
753 1005 958 1071 undecimum
985 1005 1157 1092 plerosque
1178 1015 1304 1071 certum

177 1120 228 1176 est
247 1109 339 1190 mori,
367 1108 531 1175 esuriendi
559 1129 687 1194 semper
712 1106 902 1194 inexplebili
930 1106 1085 1174 aviditate
1106 1107 1164 1172 uni
1177 1107 1302 1173 anima·

176 1212 256 1279 lium
276 1210 408 1276 homini.

221 1314 293 1379 119.
329 1311 500 1395 Quaedam
525 1333 637 1378 rursus
664 1312 782 1399 exiguo
810 1321 910 1399 gustu
935 1312 1053 1377 famem
1081 1333 1120 1378 ac
1142 1311 1227 1376 sitim
1248 1332 1302 1376 se·
1316 1329 1369 1376 aas

178 1416 257 1481 dant
278 1424 533 1498 conservantque
554 1414 645 1493 viris,
672 1424 710 1479 ut
730 1413 894 1500 butyrum,
922 1412 1073 1499 hippace,
1102 1411 1302 1502 glycyrriza3

178 1515 485 1604 perniciosissimum
514 1525 624 1581 autem
652 1526 686 1581 et
721 1516 755 1580 in
783 1514 869 1582 omni
898 1515 1029 1602 quidem
1053 1515 1121 1581 vita
1142 1515 1230 1599 quod
1250 1515 1303 1579 ni-

179 1618 290 1696 mium,
312 1616 484 1703 praecipue
507 1627 613 1683 tamen
635 1616 775 1704 corpori,
798 1616 963 1702 minuique
982 1615 1071 1702 quod
1091 1625 1207 1705 gravet
1221 1638 1303 1701 quo-

178 1717 258 1786 libet
278 1717 373 1784 modo
394 1717 514 1786 utilius.
535 1718 659 1786 Verum
680 1718 724 1786 ad
744 1717 869 1802 reliqua
889 1728 1023 1785 naturae
1044 1728 1252 1786 transeamus.

213 1926 299 1988 5288.
317 1926 474 1992 εοφυὶεηωο,
486 1932 511 1980 d.
534 1926 725 1993 arpuentume,
736 1928 769 1979 R.
786 1968 818 1979 ..
842 1927 1000 1978 ambulatione
1011 1925 1103 1976 molunt
1114 1924 1185 1988 cibos,
1196 1924 1229 1975 R.
1256 1921 1301 1974 cab.

180 1993 267 2045 ambul.
284 1993 349 2057 mel,
367 1998 391 2046 d.
414 1995 472 2047 mal.
488 1996 531 2047 cab.
549 1996 621 2058 amb,
635 1991 688 2062 βγ.
712 2035 742 2046 ,
767 1994 832 2056 cabis,
849 1997 895 2047 Τὰ
910 1999 944 2046 sd
959 1994 1091 2059 sequentia
1105 1993 1250 2044 references.
1268 2031 1301 2042 .-

179 2060 353 2128 Aupascunlter,
365 2065 396 2116 R
415 2104 448 2114 ..
461 2071 530 2129 polu,
542 2065 566 2114 d.
585 2070 665 2129 perlue,
676 2064 709 2115 R.
727 2103 759 2114 ..
778 2061 1017 2128 aridissripldubque,
1029 2061 1128 2113 Rs‘rd
1140 2057 1226 2122 (codd.
1237 2060 1301 2110 Bar·

179 2128 256 2194 bari.)
275 2131 332 2183 Om.
344 2148 364 2181 r.
386 2131 485 2194 amaru,
496 2132 564 2182 Pint.
582 2171 615 2181 ..
636 2147 683 2180 uon
694 2130 774 2194 atique
785 2138 842 2180 aule
851 2129 981 2195 oepumam,
992 2147 1013 2181 r.
1031 2170 1063 2181 ..
1088 2126 1156 2178 letale
1167 2133 1208 2188 ct,
1219 2127 1301 2176 Hurd.

181 2196 269 2259 letales,
280 2200 379 2250 RTdr.
403 2197 489 2259 letalis,
500 2194 530 2260 β.
548 2241 581 2249 -
598 2196 711 2261 inediam,
727 2199 764 2248 ila
779 2213 827 2249 nos
839 2199 993 2264 scripsimus.
1010 2195 1098 2259 inediis,
1111 2196 1164 2247 Τὰ.
1185 2191 1256 2255 inaug
1267 2193 1300 2243 R.

180 2263 282 2328 ὑιεᾰίω,
294 2281 336 2332 rr.
353 2308 385 2317 ..
405 2274 436 2328 el,
447 2267 520 2317 Rdr.
543 2273 578 2329 ol,
588 2267 668 2318 Hurd
679 2279 706 2330 γ.
725 2306 757 2317 ..
781 2263 926 2315 oodoeimom
938 2270 1073 2314 cerlam'cst
1083 2260 1241 2328 utplerosqoe
1252 2276 1302 2309 mo-

180 2332 243 2394 rl,r.
261 2374 294 2385 ..
316 2333 379 2383 mori
389 2332 580 2395 morlmdi,Td.
606 2334 700 2383 morbus
711 2331 875 2395 modula
901 2333 965 2383 mori
974 2332 1108 2394 morientes,
1119 2332 1153 2382 Κ.
1179 2326 1303 2388 moriendi,

180 2399 250 2452 Pina
269 2442 301 2451 ..
319 2400 362 2449 aui
371 2399 511 2450 animalium
523 2400 618 2462 limini,
630 2402 662 2451 R.
680 2398 819 2449 animolimn
830 2399 879 2462 ool,
891 2400 944 2451 Td.
962 2397 1102 2449 animalium
1113 2397 1157 2447 uni
1165 2395 1261 2460 bombi,
1272 2391 1302 2457 β.

180 2467 319 2517 animalium
330 2467 463 2531 mboque,
474 2469 555 2520 Hurd.
567 2482 592 2533 γ.
609 2465 766 2528 Αηίιηαὶίιιηι,
777 2484 790 2517 r
801 2469 835 2518 ad
845 2483 915 2533 seqq.
927 2467 1046 2518 referens.
1065 2467 1124 2518 Om.
1136 2465 1163 2517 S.

214 2537 300 2598 §asa
316 2542 407 2612 φῶτας,
422 2537 455 2586 R.
477 2542 552 2599 pato,
570 2536 595 2585 d.
613 2574 645 2584 ..
668 2535 784 2596 buturum,
799 2534 831 2584 Β.
848 2576 882 2585 ..
905 2534 1013 2599 hippace,
1030 2536 1135 2585 Barbar.
1158 2531 1258 2597 lippulos,
1273 2524 1303 2581 θ.

182 2603 334 2666 auw-
355 2604 509 2665 mmmd-
528 2642 560 2652 -
577 2599 738 2667 obaubitu,
753 2595 782 2652 θ·
803 2600 972 2668 quacun
995 2601 1112 2664 mama,
1125 2601 1149 2650 d·
1169 2599 1212 2666 ab
1266 2597 1303 2648 a

180 2663 615 2734 zon,st.-u,1ac0m.ssy.-
635 2668 902 2734 ammpraeoipoqla
921 2710 953 2720 ..
970 2670 1106 2735 paveas.
1122 2683 1205 2733 prove,
1247 2666 1302 2717 Tu.

180 2742 276 2800 φωναί,
287 2730 318 2797 β.
335 2775 368 2786 ..
386 2733 496 2799 quella,
507 2737 531 2786 d.
554 2733 670 2799 quolibet,
681 2736 713 2787 R.
736 2734 862 2800 quodlibet,
873 2731 903 2798 β.
921 2778 954 2788 ..
979 2736 1079 2788 &mma
1094 2753 1133 2787 reo
1149 2743 1174 2784 et
1184 2733 1269 2785 istorio
1280 2740 1304 2782 et

182 2801 289 2867 cpcrolb
305 2817 372 2852 nocco
389 2799 510 2854 CCCLX
525 2799 551 2852 0.
567 2801 637 2853 Plini
645 2801 743 2854 amendi
752 2811 836 2856 nature
847 2803 960 2856 lato-lm
971 2803 1011 2856 lib.
1022 2802 1075 2858 XL
1087 2802 1164 2856 edituo
1172 2810 1230 2869 pecc
1239 2817 1302 2851 mor-

183 2877 228 2921 tua
239 2868 342 2936 explicit.
353 2868 444 2936 Incipit
455 2869 495 2922 lib.
506 2867 575 2936 ΧΠ,
585 2870 617 2922 Β.
