2896 4800
434 325 506 373 nus.
520 325 569 373 rx.
597 322 676 371 car.
693 324 766 370 vnn
795 321 893 371 snor.
908 323 928 366 s.
942 323 961 366 a
1200 306 1263 370 149

140 498 268 561 quoque
290 474 523 540 citharoedicae
545 474 623 539 artis
643 473 822 540 interficere
849 472 956 537 nautis
982 473 1018 536 in
1039 473 1119 536 mari
1140 495 1258 559 paran-

140 575 226 642 tibus
252 576 295 641 ad
322 576 571 661 intercipiendos
599 576 668 641 eius
693 584 858 660 quaestus,
886 572 1084 640 eblanditum
1111 584 1148 638 ut
1168 574 1259 660 prius

140 686 269 744 caneret
290 677 421 755 cithara,
444 677 648 764 congregatis
671 686 769 742 cantu
790 674 963 760 delphinis,
985 696 1060 740 cum
1074 694 1108 740 se
1129 674 1261 740 iecisset

138 778 172 842 in
193 799 281 843 mare
302 779 475 865 exceptum
495 778 537 844 ab
557 800 622 843 uno
644 776 828 844 Taenarum
848 777 884 840 in
903 778 982 842 litus
1001 785 1198 864 pervectum.

181 880 211 942 9.
248 878 312 943 Est
338 879 524 965 provinciae
551 877 771 945 Narbonensis
804 889 839 944 et
868 879 903 944 in
928 876 1153 944 Nemausiensi
1182 893 1307 964 agroru

140 988 291 1064 stagnum
304 979 427 1045 Latera
448 980 655 1066 appellatum,
678 979 735 1045 ubi
758 1002 831 1044 cum
852 979 979 1045 homine
1000 977 1145 1065 delphini
1159 977 1261 1043 socie·

140 1088 207 1143 tate
227 1079 402 1166 piscantur.
433 1080 607 1146 Innumera
634 1080 684 1147 vis
705 1081 864 1167 mugilum
885 1090 969 1145 stato
990 1090 1135 1165 tempore
1156 1101 1261 1164 angu-

141 1179 199 1246 stis
225 1181 370 1246 faucibus
392 1180 499 1268 stagni
520 1180 554 1246 in
575 1204 662 1246 mure
684 1181 825 1268 erumpit
850 1181 1022 1247 observata
1048 1177 1159 1246 aestus
1178 1179 1262 1245 reci·

138 1283 338 1367 procatione3
365 1305 429 1367 qua
452 1283 494 1348 de
515 1304 613 1349 causa
632 1283 802 1369 praetendi
823 1305 888 1348 non
909 1290 1033 1366 queunt
1053 1281 1137 1346 retia
1158 1303 1261 1366 aeque

139 1383 256 1447 molem
275 1383 428 1469 ponderis
448 1384 537 1450 nullo
558 1383 654 1448 modo
676 1384 860 1461 toleratura,
888 1382 1101 1449 etiamsinon
1122 1383 1263 1448 sollertia

139 1484 310 1551 insidietur
331 1484 478 1570 tempori.
508 1480 615 1550 Simili
635 1485 759 1551 ratione
779 1485 815 1550 in
835 1486 935 1549 altum
956 1484 1102 1571 protinus
1124 1484 1261 1549 tendunt
1273 1498 1306 1543 ao

139 1586 226 1669 quod
246 1586 351 1652 vicino
372 1586 503 1673 gurgite
525 1585 662 1652 efficitur
681 1585 850 1670 locumque
877 1585 980 1652 solum
1005 1585 1186 1672 pandendis
1207 1607 1259 1650 re·

138 1686 224 1753 tibus
250 1687 391 1754 habilem
417 1688 561 1776 effugere
588 1686 752 1753 festinant.
793 1685 892 1769 Quod
924 1687 981 1754 ubi
1008 1688 1260 1753 animadvertere

138 1788 300 1873 piscantes
328 1841 371 1854 ..
398 1787 560 1855 concurrit
586 1798 695 1854 autem
719 1788 892 1855 multitudo
919 1789 1073 1873 temporis
1099 1811 1202 1876 gnara
1228 1800 1261 1853 et

137 1889 241 1976 magis
270 1890 368 1954 etiam
393 1888 568 1976 voluptatis
594 1888 689 1955 huius
718 1889 814 1955 avida
834 1942 877 1954 ...
899 1898 1049 1974 totusque
1075 1889 1215 1976 populus
1241 1911 1260 1953 e

137 1989 229 2056 litore
251 2000 371 2074 quanto
392 1998 500 2076 potest
521 1987 658 2054 clamore
687 1988 812 2054 conciet
839 1989 995 2054 simonem
1022 1990 1064 2053 ad
1086 1990 1259 2075 spectaculi
1284 2043 1289 2052 .

138 2098 300 2170 eventum,
328 2090 473 2156 celeriter
501 2088 646 2174 delphini
672 2088 850 2154 exaudiunt
876 2089 1047 2168 desideria,
1075 2089 1261 2173 aquilonum

62 2268 65 2273 ¹
136 2191 216 2258 flatu
237 2214 349 2259 vocem
369 2198 597 2277 prosequente,
619 2198 728 2252 austro
750 2188 872 2253 tardius
888 2210 929 2253 ex
943 2189 1079 2253 adverso
1093 2190 1259 2253 referente.

57 2284 62 2291 ’
139 2289 206 2357 Sed
228 2301 297 2356 tum
318 2311 444 2376 quoque
465 2288 629 2376 inproviso
655 2288 690 2352 in
711 2287 868 2353 auxilium
888 2289 1057 2367 advolant3
1085 2305 1303 2376 properarem

138 2391 275 2478 adparet
295 2391 380 2458 acies
401 2412 484 2476 quae
505 2389 651 2475 protinus
665 2389 850 2476 disponitur
863 2388 898 2454 in
918 2391 1000 2469 loco,
1022 2390 1080 2457 ubi
1094 2391 1260 2457 coniectus

139 2503 189 2558 est
209 2513 357 2579 pugnae3
387 2501 553 2578 opponunt
574 2513 645 2557 sese
666 2491 707 2557 ab
729 2493 793 2559 alto
816 2491 1022 2577 trepidosque
1041 2492 1078 2556 in
1099 2493 1183 2558 vada
1203 2517 1259 2560 ur·

137 2605 248 2684 guent.
268 2594 452 2661 Piscatores
474 2595 674 2661 circumdant
693 2594 776 2660 retia
794 2594 958 2680 furcisque
980 2593 1148 2662 sublevant
1153 2621 1163 2675 3
1186 2619 1259 2663 mu-

137 2696 239 2786 gilum
260 2696 465 2763 nihilominus
486 2696 637 2764 velocitas
660 2697 812 2774 transilit3
850 2706 884 2762 at
910 2697 981 2763 illos
1004 2697 1169 2786 excipiunt
1188 2700 1258 2767 del·

136 2798 228 2884 phini
254 2809 287 2864 et
312 2798 469 2865 occidisse
495 2798 538 2864 ad
564 2820 717 2886 praesens
747 2799 888 2867 contenti
917 2798 1005 2866 cibos
1031 2799 1066 2869 in
1092 2800 1259 2869 victoriam
1320 2808 1327 2813 '

171 3009 239 3071 §29-
257 3006 433 3072 Nemausensi,
444 3009 549 3058 Barbar.
562 3010 586 3060 d.
604 3007 766 3072 Nomentanae,
777 3010 809 3060 R.
823 3051 854 3061 ..
867 3008 970 3072 Latera,
981 3011 1049 3060 unt
1067 3007 1183 3070 Lotcrru,
1196 3006 1259 3073 ᾱῖβ.

137 3072 239 3135 Latera,
254 3067 283 3125 θ.
300 3072 406 3136 Latona,
418 3091 439 3125 r.
461 3074 581 3133 Laturus,
592 3077 625 3126 K.
644 3118 676 3126 -
693 3083 791 3138 statuto,
804 3077 844 3126 dr.
864 3117 895 3127 ..
914 3093 996 3140 aeque,
1007 3078 1079 3128 Rdr.
1098 3092 1166 3140 quac,
1178 3071 1208 3136 β.
1228 3118 1260 3127 ..

89 3154 93 3158 ·
136 3139 250 3203 malcan.
268 3183 299 3192 -
318 3140 473 3205 notanda
495 3138 592 3204 ullast.
610 3184 642 3193 ..
663 3141 802 3205 toleratura,
814 3161 834 3193 r.
859 3141 1003 3205 tolleman.
1023 3137 1188 3205 tolerentdss.
1206 3145 1261 3194 Va-

136 3209 176 3259 ria
187 3209 214 3259 in
225 3209 266 3260 his
278 3210 361 3261 uerbis
373 3217 472 3261 tentant
481 3211 571 3260 Dalec.
583 3217 609 3261 et
619 3212 696 3261 Voss.
706 3211 740 3260 ad
750 3212 813 3263 Mel.
825 3210 861 3261 11.
872 3216 895 3261 5.
907 3228 933 3276 p.
944 3216 1001 3263 736.
1019 3213 1056 3262 At
1066 3211 1134 3261 Plin.
1146 3211 1260 3273 scripsit:

136 3275 200 3325 retnis
216 3293 309 3342 aquom
321 3275 393 3327 moles
400 3276 515 3342 poudcrt's
530 3277 560 3327 ta
576 3276 721 3328 nullomodo
740 3277 861 3340 toleretur,
880 3279 974 3328 edoma
985 3279 1031 3330 rel.
1053 3276 1141 3342 Aquae
1156 3280 1262 3329 debetur

135 3344 239 3408 vossio,
252 3353 278 3396 et
290 3345 362 3395 molae
375 3361 454 3410 aquae
468 3347 544 3397 etiam
557 3347 618 3396 alibi
634 3347 760 3396 invenitur
772 3343 808 3410 (v.
823 3346 892 3398 Cort
907 3348 940 3397 ad
948 3348 1045 3397 Lucan.
1059 3353 1082 3409 5,
1095 3343 1174 3409 aaa),
1190 3344 1262 3395 metes

136 3426 196 3527 {egro
206 3412 372 3531 Pindffimn
382 3416 433 3466 hoc
444 3416 523 3465 modo
535 3415 595 3465 loco
608 3415 783 3481 coniungitnr3
800 3431 824 3465 v.
836 3417 933 3467 Lucan.
945 3421 969 3478 8,
979 3421 1037 3468 865.
1056 3457 1089 3466 -
1106 3413 1261 3466 insidiaretur

179 3495 256 3543 ΡΜ,

171 3577 246 3638 §³0.
267 3580 384 3644 officitur,
398 3598 418 3632 r.
442 3583 546 3645 effecum
561 3584 595 3635 K
617 3583 762 3650 offunditur,
777 3587 867 3636 Dalec.
887 3627 918 3636 ..
936 3594 1021 3648 autern,
1039 3587 1071 3635 R.
1094 3581 1168 3643 haud,
1185 3584 1209 3629 d.
1227 3621 1258 3630 -

137 3645 232 3710 spaera,
246 3646 270 3696 d.
289 3687 321 3695 ..
345 3654 450 3709 totusque
463 3648 565 3712 populus
576 3667 643 3714 pone
653 3651 775 3715 piscantes
791 3654 903 3702 collocat
918 3654 987 3702 Pint.
1010 3693 1042 3702 ..
1064 3650 1161 3705 amore,
1177 3649 1209 3695 R·
1228 3685 1260 3695 —·

136 3710 179 3776 ud,
190 3715 272 3764 omitt.
285 3714 339 3775 Re,
361 3721 387 3762 et
402 3714 511 3763 terrase
525 3718 608 3767 omitti
620 3725 711 3781 potest,
724 3719 746 3768 ai
758 3720 918 3768 concedimus
930 3735 947 3767 a
957 3721 1034 3767 verbo
1047 3712 1175 3774 muniendi,
1191 3715 1261 3776 quod

135 3781 164 3832 h.
181 3782 198 3831 t
213 3782 290 3832 simul
305 3796 409 3831 sensum
424 3781 573 3844 postulandi
589 3784 705 3843 involvit,
723 3787 851 3847 duplicem
867 3785 1039 3834 accusativum
1051 3783 1160 3846 pendere
1175 3797 1259 3846 posse.

137 3849 255 3911 amnon,
271 3856 344 3912 spect.
356 3854 430 3897 cecat.
442 3845 511 3897 celer.
524 3845 569 3898 del.
582 3864 619 3898 erc.
631 3848 772 3910 desiderari,
784 3851 863 3902 Hand.
882 3890 914 3900 ..
938 3857 1080 3910 conventum,
1093 3851 1117 3899 d.
1137 3890 1168 3899 -
1182 3847 1259 3912 flatu,

137 3916 175 3967 d'.
189 3915 287 3980 flamm,
302 3915 371 3966 Rd'.
390 3956 422 3966 ..
440 3923 530 3977 austro,
546 3914 630 3967 Rue.
652 3923 734 3965 curuo
750 3933 812 3979 uero,
828 3911 880 3981 βγ.
899 3957 930 3966 ..
948 3915 1083 3979 referentes,
1096 3917 1120 3966 d.
1142 3916 1257 3980 referente

138 3991 235 4046 nutum,
247 3990 295 4034 turn
306 4000 339 4048 q„
350 3983 429 4035 Voss.
440 3986 472 4034 ad
484 3983 546 4034 Mel.

172 4084 240 4144 531.
256 4082 299 4146 Et,
314 4078 364 4134 θᾶ.
384 4126 415 4135 -
435 4100 579 4149 properare,
589 4086 620 4134 R.
638 4085 761 4148 Properat
772 4093 801 4145 et,
814 4087 867 4136 Td.
884 4086 998 4151 Propere,
1010 4082 1039 4148 β.
1059 4128 1090 4136 ..
1115 4086 1225 4145 coaucta,
1238 4103 1256 4136 r.

37 4175 40 4179 ·
139 4189 170 4198 ..
186 4164 289 4212 pupuue,
301 4155 373 4205 codd.
386 4154 465 4203 Haud.
480 4169 573 4217 pupae,
584 4146 714 4215 ROKrst.
730 4169 846 4217 pugnam,
860 4156 912 4205 Td.
931 4196 962 4204 -
982 4163 1108 4219 opponunt,
1120 4147 1257 4206 RTde.

138 4224 273 4332 opffinznll'
282 4215 314 4337 ἕ.
335 4263 365 4270 ..
384 4236 485 4286 seseque,
497 4222 551 4272 Τὰ.
568 4222 653 4273 Multa
668 4222 695 4274 iu
713 4223 739 4271 h.
756 4222 774 4272 l.
792 4229 889 4274 tentant
899 4224 976 4286 Pint,
992 4226 1081 4276 Dulce.
1095 4232 1120 4275 et
1131 4223 1206 4275 Voss.
1226 4262 1257 4273 ..

137 4300 164 4332 co
200 4300 271 4345 unt,
308 4323 314 4336 .
