2896 4800
363 282 434 329 aru.
450 283 511 329 xv.
540 281 619 328 cnr.
634 282 830 328 xvim-xit.
863 279 961 328 sacr.
976 280 1067 323 Μ.
1207 264 1269 328 469

148 436 212 500 situ
232 435 385 518 rimisque
408 433 521 498 eadem
543 454 626 516 quae
649 432 787 496 culicum
809 454 926 518 operae
942 455 1039 496 causa
1052 433 1187 517 perficit,
1211 456 1270 498 nec

147 536 203 601 ubi
225 538 345 600 multus
365 535 482 621 pulvis,
506 535 592 619 quod
615 533 720 598 evenit
743 556 892 598 maxume
913 533 1072 616 frequenti
1094 532 1147 597 via
1168 530 1269 618 adpo·

147 637 223 712 sita3
250 659 387 720 namque
409 647 442 701 et
462 636 588 722 pulveri
610 635 659 700 vis
682 635 823 700 siccandi
845 656 1022 718 sucumque
1043 632 1135 698 lactis
1157 632 1270 699 absor-

146 738 254 802 bendi.
277 736 371 820 Quae
393 738 475 804 ratio
495 739 628 823 pulvere
650 749 683 801 et
705 736 943 822 caprificatione
957 736 1018 800 hoc
1033 756 1160 818 quoque
1174 756 1269 819 prae-

147 848 211 904 stat
236 862 278 904 ne
304 840 471 918 decidant,
501 839 672 923 absumpto
694 860 806 902 umore
836 849 945 903 tenero
972 847 1005 903 et
1032 861 1104 902 cum
1131 835 1270 920 quadam

146 939 320 1028 fragilitate
341 941 531 1027 ponderoso.
569 940 657 1005 Ficis
685 939 788 1004 mollis
816 940 965 1006 omnibus
993 950 1108 1017 tactus,
1135 936 1269 1002 maturis
1282 954 1314 1000 sa

144 1041 304 1108 frumenta
318 1044 416 1122 intus,
439 1066 535 1109 sucus
550 1041 838 1107 maturescentibus
853 1041 956 1121 lactis,
979 1041 1136 1127 percoctis
1155 1039 1268 1104 mellis.

145 1140 326 1210 Senescunt
351 1146 384 1209 in
413 1144 526 1210 arbore
553 1166 699 1227 anusque
722 1142 886 1208 destillant
907 1142 1082 1208 cummium
1103 1142 1267 1220 lacrimas3

145 1244 246 1310 siccat
266 1246 376 1324 honos,
403 1245 548 1310 laudatas
578 1254 685 1309 servat
711 1244 744 1307 in
767 1244 885 1329 capsis,
914 1242 1027 1308 Ebuso
1048 1243 1153 1308 insula
1173 1265 1267 1328 prae-

144 1348 353 1412 stantissimas
368 1346 653 1433 amplissimaque,
676 1367 752 1410 mox
766 1346 799 1409 in
813 1343 1020 1410 Marrucinis.
1044 1345 1091 1409 At
1105 1344 1160 1409 ubi
1175 1345 1269 1428 copia

143 1446 318 1527 abundant,
347 1450 513 1535 inplentur
534 1470 628 1513 orcae
655 1447 689 1511 in
711 1447 803 1525 Asia,
834 1446 906 1512 cadi
933 1455 1039 1511 autem
1065 1446 1100 1510 in
1121 1444 1269 1531 Ruspina

142 1547 276 1613 Africae
301 1550 382 1615 urbe
411 1552 567 1638 panisque
595 1549 689 1614 simul
719 1560 752 1614 et
780 1549 893 1634 opsoni
923 1548 1026 1613 vicem
1053 1548 1188 1612 siccatae
1215 1548 1267 1611 in·
1302 1559 1307 1565 “

142 1649 242 1733 plent,
264 1661 376 1738 utpote
399 1674 471 1717 cum
487 1649 570 1715 Cato
592 1650 712 1716 cibaria
732 1650 817 1714 ruris
839 1650 995 1736 operariis
1017 1650 1103 1715 iusta
1120 1672 1180 1715 ceu
1194 1651 1267 1735 lege

143 1752 288 1817 sanciens
309 1754 410 1817 minui
431 1753 542 1818 iubeat
563 1775 623 1838 per
643 1753 696 1816 fici
717 1751 953 1827 maturitatcm3
977 1775 1050 1816 cum
1072 1752 1192 1817 recenti
1205 1751 1267 1816 fico

141 1853 217 1917 salis
238 1854 309 1919 vice
331 1876 424 1918 caseo
446 1855 532 1918 vesci
554 1876 659 1938 nuper
681 1853 901 1938 excogitatum
923 1862 982 1916 est.
1005 1851 1058 1915 Ex
1072 1851 1132 1918 hoc
1146 1872 1265 1938 genere
1279 1865 1312 1910 8³

142 1963 226 2030 suut,
248 1965 285 2017 ut
299 1953 448 2030 diximus,
471 1961 598 2016 cottana
619 1963 652 2016 et
665 1950 950 2037 caricae‘quaeque
965 1952 1191 2017 conscendenti
1206 1973 1264 2014 na·

140 2076 212 2119 vem
234 2054 387 2120 adversus
402 2052 540 2117 Parthos
562 2076 655 2118 omen
677 2054 784 2119 fecere
800 2052 847 2118 M.
865 2052 996 2131 Crasso,
1019 2054 1150 2118 venales
1167 2073 1263 2138 prae·

140 2156 273 2220 dicantis
294 2177 383 2233 voce,
406 2177 557 2236 carneae.
586 2153 706 2220 Omnia
727 2155 806 2221 hacc
826 2155 860 2219 in
881 2155 1027 2222 Albense
1048 2177 1104 2218 rus
1126 2177 1144 2219 e
1168 2151 1265 2236 Syria

139 2256 247 2320 intulit
264 2256 304 2319 L.
320 2255 472 2322 Vitellius
494 2256 550 2341 qui
571 2265 684 2342 postea
705 2279 817 2322 censor
837 2257 907 2334 fuir,
929 2279 1001 2322 cum
1023 2259 1149 2344 legatus
1170 2255 1204 2318 in
1225 2276 1264 2318 ea

139 2356 302 2442 provincia
323 2368 417 2435 esset,
439 2356 625 2422 novissimis
646 2357 756 2421 Tiberi
780 2355 928 2422 Caesaris
952 2357 1161 2442 temporibus.

180 2456 265 2522 XX.
295 2460 345 2522 22.
375 2458 539 2524 Malorum
561 2458 767 2543 pirorumque
788 2459 899 2547 generi
921 2460 1171 2524 adnumerentur
1191 2456 1307 2521 iuresr

138 2559 273 2642 mespila
294 2570 390 2644 atque
404 2559 510 2625 sorba.
531 2560 682 2646 Mespilis
697 2561 759 2625 tria
779 2583 909 2647 genera,
932 2560 1104 2639 anthedon,
1127 2557 1260 2637 setania,

139 2660 268 2725 tertium
290 2661 479 2748 degenerat3
502 2662 676 2727 anthedoni
699 2673 806 2729 tamen
828 2663 974 2742 similius,
998 2662 1084 2747 quod
1099 2658 1262 2729 Gallicum

138 2773 264 2828 vocant.
298 2760 448 2829 Setaniac
470 2764 574 2829 maius
596 2787 726 2850 pomum
748 2763 991 2850 candidiusque,
1014 2763 1096 2828 acini
1117 2763 1262 2828 molliore

136 2861 236 2948 ligno,
263 2865 377 2928 ceteris
399 2865 506 2929 minus
526 2886 658 2950 pomum
680 2865 736 2929 sed
758 2866 856 2931 odore
877 2865 1096 2950 praestantius
1118 2875 1151 2929 et
1172 2863 1261 2949 quod

172 3037 240 3097 §82
262 3033 389 3097 destillant,
404 3039 441 3088 ita
456 3053 503 3088 nos
520 3038 673 3102 scripsimus.
695 3036 820 3099 dt'ctillaat,
838 3035 931 3103 adssy.
950 3079 982 3088 ..
1000 3037 1130 3098 cummium,
1146 3038 1205 3086 libri
1215 3052 1259 3086 re·

139 3103 268 3151 tustissimi
281 3119 320 3167 ap.
334 3104 442 3154 Salmas.
455 3121 537 3155 exerc.
549 3121 574 3169 p.
585 3111 642 3155 658.
652 3121 674 3155 a.
684 3107 715 3155 Ε.
733 3104 888 3165 camaimiam,
897 3108 941 3155 ad.
958 3106 1092 3169 yammiam,
1101 3105 1153 3167 Τγ.
1171 3105 1261 3167 camari

139 3167 213 3229 modo,
224 3165 254 3229 β.
271 3211 303 3219 -
323 3168 443 3236 lacrimat,
458 3173 495 3222 ita
506 3187 552 3223 nos
565 3172 717 3236 scripsimus.
740 3171 847 3233 lacrima,
860 3173 928 3222 Tad
939 3169 1026 3234 (codd.
1040 3169 1161 3233 Salmas.)
1173 3185 1198 3236 γ.
1215 3168 1258 3232 lla·

138 3236 359 3298 trimam,Barbar.
371 3235 400 3301 β.
420 3280 451 3289 ..
468 3239 544 3289 siccat
558 3238 637 3302 bonor,
654 3241 692 3289 ita
702 3256 749 3290 nos
760 3241 970 3304 interpunximus.
987 3240 1067 3289 cacat.
1079 3238 1171 3298 Honos,
1184 3239 1258 3288 Tad.

137 3302 460 3369 samnarque.110nos,ss.
487 3306 571 3358 Siccae
587 3306 668 3366 lonas,
686 3307 793 3359 Salmas.
810 3321 835 3370 γ.
863 3307 921 3357 Mos
938 3306 953 3357 l.
969 3305 1083 3356 seruandi
1092 3305 1126 3368 ia,
1137 3307 1205 3356 Piut.
1224 3347 1257 3357 -

137 3371 223 3434 iasab,
236 3388 318 3426 cunr.
337 3416 368 3425 ..
387 3374 445 3436 Aut,
458 3391 481 3425 a.
499 3417 530 3425 ..
549 3373 680 3438 abundant,
693 3392 716 3426 a.
740 3373 854 3438 abundat,
867 3370 940 3440 ᾶβγ.
959 3416 991 3424 -
1009 3374 1101 3436 arrhae,
1114 3390 1137 3423 a.
1160 3371 1258 3435 archae,

138 3443 162 3489 d.
186 3454 266 3503 arcae,
282 3444 315 3492 K.
332 3481 365 3494 -
383 3443 409 3491 ia
425 3453 484 3494 anto
501 3443 579 3507 Rasp.
596 3445 689 3494 omsta.
709 3485 740 3494 ..
762 3442 821 3494 Cato
837 3445 869 3493 de
883 3458 911 3493 ro
927 3451 988 3494 rust.
1003 3449 1042 3493 56.
1060 3483 1092 3493 ..
1110 3441 1257 3491 cibariorum

138 3521 183 3565 res,
201 3508 225 3555 d.
245 3548 275 3557 ..
295 3507 356 3573 layas
373 3526 484 3571 annuens,
502 3515 526 3561 d.
544 3551 576 3562 ..
591 3528 637 3574 per
646 3512 697 3574 fici
711 3513 877 3570 maturitatem,
893 3517 923 3560 ut
939 3512 1068 3573 glossema
1084 3512 1154 3561 delet
1169 3512 1257 3560 Peter.

138 3586 178 3636 ap.
191 3574 291 3623 Broter.
310 3615 341 3626 .,
360 3577 527 3638 maturitatem,
544 3594 594 3625 cam
607 3585 630 3625 et
641 3579 732 3627 obsonii
746 3579 817 3627 vicem
834 3579 937 3627 labeant
947 3586 1049 3627 recenter
1056 3579 1131 3643 ficas,
1143 3579 1175 3634 Κ,
1189 3579 1259 3640 quod

137 3640 228 3704 probat
245 3641 363 3691 Schneid.
381 3645 414 3693 ad
431 3644 533 3694 Colum.
547 3650 587 3704 12,
601 3649 640 3694 14.
658 3686 690 3695 -
702 3645 756 3708 fico
770 3645 830 3694 salis
846 3645 898 3695 vica
909 3661 985 3707 caseo,
997 3646 1049 3695 Td.
1064 3645 1130 3707 ficos
1141 3643 1197 3693 alia
1208 3643 1258 3692 vice

137 3723 213 3765 carm,
225 3722 248 3756 a.
259 3708 311 3769 fico
321 3707 391 3758 salia
402 3710 451 3759 rice
462 3727 537 3773 careo,
549 3713 651 3762 Thuau.
663 3713 758 3776 Rigalt.
771 3728 812 3781 ap.
824 3713 932 3764 Salmas.
951 3729 1002 3762 cam
1014 3712 1107 3762 obsonii
1113 3711 1162 3761 vice
1170 3711 1260 3762 receati

130 3773 185 3837 fica
196 3772 262 3837 (alia
273 3775 322 3824 vice
334 3776 407 3840 cocci)
419 3777 482 3826 uesci
491 3795 514 3827 a.
527 3794 575 3829 eac.
588 3779 626 3841 cit,
638 3797 658 3830 r.
681 3778 741 3832 Sale
751 3779 846 3830 siccatis
857 3789 880 3829 et
891 3781 956 3830 casei
966 3779 1022 3841 loco,
1033 3781 1080 3830 K'.
1101 3778 1203 3830 Recenti
1204 3778 1258 3842 fico

137 3840 208 3891 salita
219 3843 267 3892 vice
280 3844 350 3905 casei,
362 3845 407 3894 K2.
418 3844 470 3907 fico
481 3844 558 3895 salitis
570 3847 619 3896 vice
630 3849 701 3910 casei,
712 3843 765 3913 βγ.
782 3846 835 3896 sale
845 3847 947 3911 siccata,
958 3850 1063 3899 Barbar.

171 3913 239 3975 §88.
263 3909 366 3961 dirimas
385 3919 423 3974 13,
442 3919 481 3964 51.
500 3954 532 3964 ..
550 3921 652 3977 cottana,
669 3917 773 3967 Barbar.
800 3924 932 3978 castaneae,
954 3909 1024 3967 Oad.
1047 3957 1079 3966 ..
1103 3931 1194 3977 navem,
1211 3919 1256 3966 ad.

138 3978 225 4096 accirg,
241 3975 293 4095 st}
311 4020 344 4030 ..
362 3981 466 4043 meare,
485 3982 508 4030 d.
531 3983 615 4031 absens
631 4000 651 4046 e,
668 4001 691 4034 a.
711 4027 742 4034 -
761 4000 809 4046 rac,
822 3987 846 4034 d.
870 4000 931 4049 rara,
943 4001 967 4034 a.
986 4026 1017 4036 ..
1039 3983 1135 4046 Tiberii,
1148 3987 1171 4034 d.
1200 3983 1257 4046 Titi,

138 4060 178 4093 ar.
221 4063 254 4095 rn.
292 4084 298 4097 .

172 4110 240 4170 584.
258 4113 451 4178 adnumerantur,
468 4110 496 4166 θ.
520 4117 638 4168 Ceterum
654 4135 677 4169 v.
691 4121 821 4185 Theophr.
839 4122 899 4171 hist.
911 4122 991 4186 plant.
1003 4120 1051 4170 111.
1066 4127 1106 4183 12,
1119 4127 1143 4172 5.
1161 4162 1192 4171 ..
1212 4136 1255 4168 an-

139 4175 234 4256 thedom
248 4188 325 4230 tamen
336 4184 435 4234 similia-r
446 4183 516 4248 qaod,
534 4179 649 4237 OTadr.
675 4189 767 4238 tametsi
782 4187 911 4238 anthedoni
925 4187 1024 4238 similias
1040 4197 1073 4238 est
1089 4187 1159 4253 qaod,
1175 4183 1203 4249 β,
1224 4230 1254 4239 ..
1295 4216 1300 4225 ·

138 4261 221 4309 maras,
234 4251 271 4299 ad
284 4247 370 4313 (codd.
384 4251 454 4315 Get.)
474 4261 549 4302 tamen
562 4252 645 4318 maius,
658 4255 691 4305 K.
955 4258 957 4267 ’
