2896 4800
379 295 449 342 nna
467 294 516 342 xt.
539 291 620 340 oar.
634 292 775 340 xxxvn.
805 290 903 340 sacr.
919 293 1010 338 so-ss.
1131 306 1139 315 =
1195 275 1257 341 289

136 448 256 535 pariter
277 457 309 513 et
330 448 454 512 alterna
473 444 621 523 mobilia;
645 446 732 511 etin
753 443 793 510 iis
813 464 890 530 pars
905 442 1013 508 animi.
1036 438 1202 531 Negamus
1217 467 1258 510 an
1367 480 1369 489 ι

136 550 328 616 annuimus?
354 546 448 613 Haec
475 568 625 617 maxume
646 546 792 611 indicant
812 546 944 611 factum.
978 541 1140 632 Superbia
1160 546 1259 614 aliubi
1360 562 1362 573 ·

136 650 411 738 conceptaculum,
434 649 491 714 sed
512 648 565 714 hic
587 647 697 714 sedem
717 646 832 727 habet3
848 648 883 713 in
904 647 1000 713 corde
1019 646 1174 725 nascitur,
1196 647 1259 714 huc

137 751 234 831 subit,
254 752 309 816 hic
330 750 460 836 pendet
481 749 570 815 Nihil
591 749 689 815 altius
711 750 806 816 simul
827 748 1060 835 abruptiusque
1081 747 1205 814 invenit
1225 748 1259 812 in

137 876 281 941 corpore,
303 852 360 918 ubi
381 851 523 916 solitaria
544 861 636 917 esset,

180 956 230 1020 52.
265 950 442 1019 Subiacent
468 952 561 1032 oculi,
594 975 671 1039 pars
694 953 839 1039 corporis
868 951 1101 1038 pretiosissima
1121 963 1154 1017 et.
1174 974 1260 1037 quae
1275 968 1322 1014 teo

136 1057 217 1121 lucis
238 1077 300 1120 usu
321 1054 421 1120 vitam
443 1052 624 1141 distinguat
645 1076 665 1119 a
685 1065 796 1120 morte.
818 1054 893 1119 Non
915 1049 1061 1119 omnibns
1076 1051 1260 1143 animalium

136 1151 180 1234 hi,
202 1155 318 1221 ostreis
339 1155 429 1233 nulli,
452 1155 645 1240 quibusdam
659 1156 853 1221 concharum
866 1154 972 1234 dubii;
995 1155 1141 1242 pectines
1163 1156 1259 1234 enirn,

138 1259 165 1324 si
187 1257 259 1342 quie
281 1257 399 1345 digitos
422 1258 593 1323 adversum
614 1258 732 1323 hiantis
748 1279 802 1324 eos
816 1268 954 1336 moreat,
978 1257 1210 1323 contrahuntur
1224 1269 1262 1322 nt

137 1360 298 1438 videntes,
329 1369 361 1424 et
387 1359 510 1425 solenes
530 1359 661 1447 fugiunt
682 1359 811 1424 admota
837 1359 1040 1425 ferramenta.
1075 1358 1260 1446 Quadripe-
1311 1412 1313 1420 .

137 1463 215 1527 dum
242 1460 337 1547 talpis
365 1460 455 1525 visus
482 1483 547 1526 non
573 1470 634 1539 est,
663 1462 827 1526 oculorum
854 1460 980 1548 effigies
1005 1460 1098 1538 inest,
1133 1461 1160 1526 si
1188 1462 1261 1546 quis

138 1572 339 1648 praetentam
361 1560 510 1636 detrahat¹
529 1561 757 1627 membranam.
790 1560 837 1627 Et
862 1563 948 1628 inter
968 1561 1037 1627 avis
1059 1562 1261 1629 ardeolarum
1275 1579 1324 1624 lto

138 1686 267 1752 genere,
299 1685 379 1748 quos
410 1664 520 1729 leucos
551 1674 678 1743 vocant,
712 1665 813 1730 altero
844 1663 938 1730 oculo
971 1685 1080 1730 carere
1113 1665 1260 1744 tradunt3

138 1765 262 1852 optumi
294 1765 420 1854 augurii,
454 1787 528 1831 cum
560 1766 602 1830 ad
634 1779 779 1831 ananum
809 1767 921 1831 volent
952 1766 1244 1850 septentrionemve
1251 1789 1260 1842 3

139 1868 219 1934 solvi
241 1867 325 1933 enim
347 1868 489 1954 pericula
510 1877 543 1933 et
563 1876 669 1932 metue
695 1877 839 1932 narrant.
871 1865 1025 1953 Nigidius
1046 1888 1108 1932 neo
1128 1867 1262 1932 locustis

138 1991 198 2035 nec
232 1968 351 2034 cicadis
385 1991 457 2034 esse
483 1967 573 2032 dicit.
612 1964 741 2034 (icoleis
769 1969 934 2034 oculorum
968 1967 1074 2032 vicem
1100 1968 1263 2033 cornicula

138 2072 214 2138 bina
235 2075 471 2158 praetemptatu
484 2070 625 2156 inplent;
647 2090 709 2133 nec
723 2069 888 2136 lumbricis
904 2069 962 2134 ulli
976 2079 1051 2134 sunt
1063 2068 1262 2135 vermiumve

138 2175 260 2262 generi.

183 2275 232 2340 53.
266 2272 364 2339 Oculi
390 2272 513 2337 homini
539 2283 665 2339 tantum
693 2270 821 2337 diverso
849 2273 966 2351 colore,
998 2272 1114 2338 ceteris
1140 2271 1175 2336 in
1203 2284 1322 2336 suoru

140 2375 257 2459 cuique
286 2395 406 2459 genere
428 2374 565 2452 similes3
593 2384 626 2440 et
653 2394 807 2458 equorum
837 2373 1031 2458 quibusdam
1058 2374 1174 2462 glauci,
1204 2374 1262 2440 sed

140 2477 174 2540 in
194 2473 322 2540 homine
343 2475 626 2541 numerosissimae
639 2475 804 2542 varietatis
819 2484 915 2559 atque
930 2474 1140 2554 differentiae,
1163 2497 1262 2562 gran-

141 2578 260 2655 diores,
287 2576 416 2656 modici,
446 2578 550 2663 parvi,
577 2577 794 2664 prominentes
821 2599 901 2661 quos
927 2577 1108 2644 hebetiores
1134 2587 1260 2665 putant,

72 2730 75 2735 ›
140 2678 259 2746 conditi
280 2700 361 2762 quos
383 2679 558 2746 clarissime
580 2701 720 2758 cernere,
744 2679 828 2745 siout
846 2679 882 2744 in
904 2680 1009 2746 colore
1031 2680 1186 2766 caprinos

183 2781 234 2846 54.
267 2778 441 2846 Praeterea
467 2781 521 2846 alii
548 2791 739 2848 contuentur
764 2782 949 2870 longinqua,
983 2782 1037 2846 alii
1069 2780 1133 2847 nisi
1159 2794 1324 2868 propelle

139 2881 269 2946 admota
288 2904 353 2946 non
374 2892 519 2948 cernunt.
551 2880 730 2949 Multorum
756 2882 846 2948 usus
872 2883 999 2970 fulgore
1027 2882 1104 2948 solie
1125 2894 1261 2962 constat,

139 2981 250 3048 nubilo
279 2981 331 3045 die
360 3004 427 3047 non
453 2985 651 3049 cernentium
678 3006 740 3048 nec
761 2993 835 3069 post
857 3005 1000 3049 occasus.
1033 2984 1101 3048 Alii
1122 2985 1262 3049 interdiu

139 3082 319 3149 hebetiores
340 3093 437 3147 noctu
458 3094 587 3169 praeter
609 3093 731 3149 ceteros
753 3093 897 3149 cernunt.
919 3082 974 3148 De
995 3083 1133 3168 geminis
1154 3084 1261 3169 pupil-

174 3257 190 3319 §
204 3261 261 3307 138.
279 3253 304 3304 ia
316 3256 396 3306 animo
406 3273 495 3319 semus,
509 3257 535 3308 S,
558 3256 589 3307 In
600 3256 683 3306 animo
693 3272 782 3319 semus,
794 3273 814 3307 r.
831 3256 862 3307 In
874 3273 982 3320 aneeasu,
993 3258 1025 3307 R.
1047 3253 1078 3303 In
1090 3270 1195 3315 assensu,
1207 3255 1260 3305 Τά.

140 3320 171 3371 In
183 3339 288 3385 ascensu,
300 3319 330 3385 β.
352 3322 383 3373 In
395 3324 474 3373 naimo
486 3333 521 3373 est
531 3341 589 3374 usus
600 3324 659 3386 cius,
670 3324 739 3376 Pint.
762 3322 832 3374 index
843 3326 967 3388 animoque
977 3339 1076 3374 sensum.
1089 3322 1195 3387 Supera,
1207 3324 1260 3372 Da·

140 3391 188 3441 lec.
205 3392 240 3442 V.
252 3392 338 3442 statim
350 3392 416 3443 inira
427 3399 452 3442 et
464 3395 478 3458 ς
492 3398 548 3443 145.
569 3434 600 3442 -
619 3391 722 3455 alterno,
734 3396 788 3445 Rd.
805 3392 903 3453 alterne,
915 3389 965 3457 βγ.
984 3436 1016 3443 -
1034 3390 1114 3452 ovilia,
1127 3392 1151 3441 d.
1170 3432 1202 3441 ..
1220 3407 1260 3452 cn,

140 3458 171 3506 R.
192 3459 281 3509 omitt.
294 3453 344 3520 ᾶβ.
363 3501 395 3509 ..
405 3460 510 3522 factum
522 3463 576 3512 Ru.
586 3463 692 3524 suetum,
704 3458 733 3524 β.
747 3503 778 3511 ..
797 3461 924 3525 Superbia,
937 3463 961 3510 (1.
979 3459 1108 3526 Superbia,
1119 3460 1151 3509 R.
1170 3457 1261 3522 Super·

141 3523 181 3584 bit,
193 3520 222 3585 β.
242 3566 273 3575 ..
291 3525 382 3583 aliiubi,
398 3528 430 3577 R.
454 3526 519 3588 alebi,
532 3531 557 3579 (1.
583 3530 627 3580 An
643 3531 710 3580 Ptin.
728 3528 818 3578 alicubi
833 3530 947 3593 scripsit?
974 3531 1009 3580 V.
1029 3536 1068 3590 10,
1086 3535 1127 3579 30.
1149 3567 1181 3576 ..
1205 3526 1260 3588 dum

140 3606 187 3654 pro
200 3593 226 3639 h.
238 3607 262 3640 v.
274 3593 352 3642 habet
363 3592 406 3642 boe
416 3597 448 3654 R,
460 3592 498 3643 bic
509 3598 533 3645 d.
552 3637 583 3644 -
601 3595 716 3659 smulque
726 3595 858 3660 abruptius,
871 3599 895 3646 d.

175 3656 190 3717 §
205 3664 261 3708 139.
281 3657 516 3723 quae-distingunt,
528 3663 611 3711 RTd.
631 3660 861 3727 qui-distinpuaat‚
870 3657 921 3726 βγ.
939 3662 1058 3712 Ceterum
1067 3678 1090 3710 r.
1100 3662 1206 3711 Aristot.
1215 3661 1233 3708 l.
1243 3660 1260 3708 l.

143 3730 165 3785 l,
178 3730 202 3775 9.
215 3767 247 3775 ..
266 3723 446 3785 contraherent,
459 3729 483 3776 d.
500 3727 645 3778 corbulone
655 3735 685 3791 ct,
696 3730 728 3779 R
743 3770 774 3779 -
792 3728 888 3791 solenes,
900 3729 1005 3778 Barbar.
1016 3731 1049 3779 R.
1067 3727 1172 3787 solentes,
1185 3728 1208 3775 d.
1226 3728 1260 3777 V.

140 3793 249 3843 Aristot.
261 3795 281 3844 1.
292 3795 309 3842 l.
323 3800 347 3855 4,
360 3799 383 3842 4.
396 3808 420 3857 p.
435 3798 503 3844 528²
516 3798 556 3846 17.

175 3863 190 3925 ξ
204 3868 260 3913 140.
278 3860 339 3911 inter
350 3856 501 3909 ardeolarum
512 3877 608 3925 genero,
617 3878 637 3912 r.
655 3859 811 3922 ardiolarum,
823 3863 868 3912 R'.
886 3863 953 3913 Mihi
964 3865 1036 3913 locus
1049 3869 1181 3926 corruptus
1192 3863 1261 3913 vide·

141 3936 190 3990 tur,
203 3945 260 3980 cunr
271 3945 355 3994 perere
367 3931 434 3979 unde
446 3931 563 3993 pendeat,
576 3945 629 3979 non
641 3929 748 3991 babeat3
761 3930 921 3980 scribendum
931 3938 975 3980 aut
987 3947 1016 3979 ex
1024 3928 1113 3979 ardeol.
1123 3939 1167 3980 aut
1176 3929 1260 3980 arden-

142 3995 219 4045 lcrum
236 3997 261 4047 in
274 4014 328 4062 qen.
348 4038 379 4047 ..
398 4013 464 4060 quos,
480 3999 512 4046 R.
539 4013 609 4060 quus,
626 3998 679 4048 Τὰ.
698 4037 730 4046 ..
747 4012 807 4058 cunr,
824 4013 875 4047 om.
893 3999 917 4047 d.
937 4040 968 4047 -
986 3996 1070 4058 uolent,
1088 3992 1144 4049 Ro.
1172 3998 1260 4062 volant,

142 4058 213 4128 dstr.
232 4105 265 4114 -
283 4082 324 4114 nec
336 4073 395 4115 ante
407 4062 504 4126 cicadis,
518 4067 600 4115 omitt.
613 4067 667 4116 led.
686 4105 717 4114 ..
736 4064 793 4127 uice,
806 4067 830 4116 d.
848 4107 880 4115 ..
896 4067 1113 4131 praetempctmi.
1132 4109 1163 4116 ..
1183 4066 1260 4117 adim·

137 4130 213 4193 plant,
225 4147 244 4181 r.
263 4173 295 4181 ..
314 4131 427 4192 larameri,
441 4133 464 4182 d.

176 4195 191 4256 §
205 4204 261 4248 141.
279 4198 458 4261 intemerate.
476 4199 569 4261 homini,
583 4202 607 4250 d.
628 4242 657 4249 ..
677 4197 746 4263 quod,
758 4201 789 4251 R.
810 4242 840 4250 -
860 4199 1003 4265 herbitioras,
1015 4205 1080 4254 R¹d.

174 4267 190 4329 ξ
204 4271 260 4316 144.
278 4282 393 4331 mosum,
404 4284 424 4318 r.

141 4334 217 4383 Pars.
235 4332 270 4384 II.
1016 4336 1055 4397 19
