2896 4800
138 282 179 345 22
490 295 696 344 sarcasmo
717 293 914 344 maronica

139 460 268 533 tumque
296 447 444 515 omnibus
471 445 601 513 tricenis
629 445 744 513 diebus
773 447 894 514 malum
919 448 954 513 in
979 449 1113 517 muliere
1135 450 1262 518 exsistit

138 560 172 616 et
200 549 353 614 trimestri
379 547 484 637 spatio
504 547 642 635 largius,
671 547 865 632 qmbusdam
891 570 969 616 vero
990 551 1118 637 saepius
1139 573 1260 630 mense,

122 651 223 719 'sicut
243 650 360 734 aliquis
381 657 573 734 numquam
598 648 657 716 sed
679 649 759 715 tales
780 671 845 717 non
859 649 1008 739 gignunt,
1031 653 1160 738 qnando
1180 653 1262 721 haec

138 764 187 821 est
216 752 401 841 generando
426 750 547 817 homini
573 750 719 830 materia,
747 750 893 839 germine
920 774 939 817 e
965 751 1108 820 maribus
1133 753 1262 841 coaguli
1291 838 1294 845 Ι

136 855 232 919 modo
259 853 320 920 hoc
345 853 380 918 in
407 874 480 919 sese
508 838 725 940 glomerante,
760 852 847 939 quod
874 852 990 920 deinde
1019 863 1162 941 tempore
1187 854 1261 941 ipso

136 955 295 1021 animatur
323 965 584 1043 corporaturque.
616 953 707 1042 Ergo
735 977 808 1021 cunr
830 954 975 1042 gravidis
995 953 1099 1035 fluxit,
1126 955 1261 1025 invalidi

135 1067 193 1123 aut
222 1080 289 1123 non
314 1057 429 1123 vitales
456 1066 569 1143 partus
597 1055 738 1123 eduntur
763 1066 820 1122 aut
846 1056 989 1138 saniosi„
1007 1067 1046 1123 ut
1071 1067 1184 1123 auctor
1211 1070 1262 1125 est

134 1154 299 1244 Nigidius.
633 1232 637 1237 ,

177 1256 275 1322 xvi.
308 1253 400 1319 Idem
426 1253 478 1319 lac
499 1253 638 1321 feminee
653 1254 726 1323 'non
746 1258 916 1344 conrumpi
938 1260 1035 1328 alenti
1057 1271 1203 1348 partum,
1233 1261 1261 1328 si
1275 1273 1307 1322 ot

136 1378 177 1422 ex
199 1355 312 1421 eodem
333 1354 405 1420 viro
425 1374 538 1421 nuans
560 1356 751 1443 conceperit,
773 1356 958 1425 arbitratur.

179 1458 231 1522 14.
263 1455 443 1543 Incipiente
470 1466 579 1522 autem
608 1456 670 1523 hoe
697 1466 866 1522 statuant
894 1457 1061 1524 desinente
1087 1472 1263 1547 conceptus

135 1556 279 1624 facillimi
293 1557 472 1623 traduntur.
492 1556 718 1624 Fecunditatis
731 1558 766 1623 in
780 1557 909 1624 feminis
928 1560 1186 1647 praerogativam
1205 1582 1261 1627 ac·

136 1658 282 1746 cepimus
302 1658 443 1726 inunctis
464 1659 676 1726 medicamine
696 1659 799 1726 oculis
822 1658 955 1725 salivam
975 1658 1072 1726 inlici.

179 1761 230 1826 15.
265 1759 417 1827 Ceterum
443 1760 538 1826 editis
564 1761 722 1846 primores
754 1771 901 1847 septumo
927 1782 1037 1827 mense
1063 1760 1156 1848 gigni
1182 1759 1262 1825 den·
1273 1776 1308 1822 os

135 1861 178 1926 tis
199 1860 356 1946 priusque
377 1861 412 1926 in
433 1883 551 1948 supera
571 1861 640 1928 fere
660 1871 752 1948 parte
773 1861 853 1927 haut
873 1860 1007 1928 dubium
1028 1871 1089 1940 est,
1116 1871 1262 1949 septumo

137 1961 268 2028 eosdem
301 1961 450 2028 decidere
483 1984 566 2027 anno
597 1961 742 2048 aliosque
775 1961 897 2042 suffici,
936 1962 1093 2047 quosdam
1125 1972 1157 2028 et
1189 1983 1263 2027 cum

136 2062 288 2130 dentibus
308 2063 409 2143 nasei,
432 2063 516 2130 sicut
528 2062 590 2129 M’.
606 2061 746 2130 Curium
766 2064 822 2150 qui
843 2063 885 2129 ob
905 2063 940 2128 id
954 2062 1118 2133 Dentatus
1139 2084 1261 2150 cogno-

135 2165 277 2234 minatus
306 2175 356 2232 est
388 2176 422 2233 et
448 2163 509 2232 Cn.
535 2164 703 2255 Papirium
731 2163 914 2232 Carbonem
948 2163 1132 2251 praeclaros
1162 2164 1262 2231 viros.

136 2265 178 2333 In
197 2267 325 2334 feminis
348 2289 386 2335 ea
407 2289 460 2336 res
480 2267 674 2355 inauspicati
695 2267 760 2333 fuit
772 2266 911 2353 exempli
925 2288 1040 2353 regum
1054 2266 1262 2353 temporibus.

136 2365 223 2434 Cum
247 2369 294 2433 ita
320 2378 395 2434 nata
422 2380 508 2435 esset
527 2369 676 2447 Valeria,
691 2402 693 2406 ⁴
706 2369 805 2434 exitio
833 2367 951 2434 civitati
977 2367 1012 2433 in
1039 2387 1137 2451 quam
1157 2367 1263 2433 delata
1276 2381 1308 2427 cs

137 2477 223 2533 esset
256 2469 402 2532 futuram
435 2489 593 2552 responso
626 2468 834 2552 haruspicum
861 2457 1074 2545 vaticinante,
1107 2465 1263 2536 Suessam

135 2566 318 2632 Pometiam
344 2566 401 2631 illa
427 2576 620 2650 tempestate
641 2565 900 2631 florentissimam
922 2565 1090 2654 deportata
1111 2577 1176 2646 est,
1205 2589 1262 2632 ve-

135 2665 238 2733 ridico
260 2667 349 2733 exitu
370 2676 554 2732 consecuto.
579 2663 749 2746 Quasdam
770 2675 920 2732 concreto
942 2667 1076 2755 genitali
1096 2667 1190 2757 gigni
1210 2668 1261 2732 in-

136 2768 245 2836 fausto
267 2766 375 2833 omine
397 2764 548 2832 Cornelia
562 2763 786 2832 Gracchorum
805 2777 907 2834 mater
919 2767 1040 2834 indicio
1061 2779 1120 2835 est.
1149 2767 1263 2852 Aliqui

137 2868 208 2934 vice
236 2868 380 2934 dentium
408 2867 566 2934 continuo
583 2888 655 2934 osse
677 2868 872 2957 gignuntur,
902 2869 997 2939 sicuti
1017 2869 1155 2937 Prusiae
1175 2869 1263 2958 regis

128 2961 352 3054 ¹Bithynorum
377 2967 472 3034 filius·
486 2988 625 3055 superna
645 2980 738 3056 parte
760 2970 837 3038 oris.
859 2970 985 3039 Dentes
1006 2981 1116 3039 autem
1138 2980 1263 3037 tantum
1277 2983 1309 3032 to

170 3175 186 3238 ξ
199 3182 240 3228 66.
257 3175 360 3240 muliere,
371 3177 439 3229 Rob.
456 3172 582 3240 molimen,
593 3176 648 3229 Rd.
670 3175 804 3232 Nonnulla
819 3179 862 3231 hic
878 3181 987 3245 sumpsit
1002 3174 1072 3231 Plin.
1084 3192 1119 3228 ex
1129 3176 1262 3229 Aristotel.

135 3244 196 3295 hist
207 3245 284 3294 anim.
298 3247 321 3306 7,
333 3251 358 3297 2.
371 3261 397 3310 p.
410 3251 466 3296 582.
484 3284 517 3297 ,.
535 3243 631 3310 aliquia,
642 3248 675 3298 Β.
693 3245 819 3310 abbatibus,
831 3243 904 3311 ᾶβγ.
923 3286 955 3296 ..
972 3242 1120 3308 panoensis,
1132 3246 1157 3292 d.
1170 3282 1202 3293 ..
1220 3240 1263 3290 bo-

136 3309 202 3371 rm‘m‘,
212 3311 280 3361 Bob.
297 3309 422 3374 boninum,
433 3312 488 3363 Rs.
505 3353 538 3364 ..
555 3312 677 3374 metm,
689 3313 722 3365 B.
741 3353 773 3363 ..
790 3311 896 3376 permina
906 3327 927 3374 a,
939 3328 952 3362 r
964 3309 1059 3372 (Βοὴ.)
1080 3311 1193 3373 gemine,
1205 3300 1262 3360 Βθ.

135 3377 244 3443 germem
256 3393 275 3441 e,
287 3381 311 3430 d
336 3379 423 3429 sosine
433 3395 454 3442 e,
465 3381 570 3432 Barbsr.
582 3375 634 3444 βγ.
657 3379 778 3431 Ceterum
789 3394 814 3430 r.
825 3377 962 3430 Aristotel.
973 3390 1058 3440 gener.
1071 3377 1149 3425 anim.
1163 3382 1188 3437 2,
1200 3381 1224 3425 4.
1236 3389 1262 3439 p.

54 3476 59 3483 ⁴
139 3443 205 3501 738⁵
218 3452 242 3497 4.
261 3485 292 3496 ..
315 3448 459 3510 motrr'crbas,
469 3463 489 3499 r.
508 3489 541 3499 ...
563 3445 608 3509 tic,
621 3449 645 3498 d.
664 3485 696 3496 ...
720 3443 899 3510 replemerante,
910 3445 978 3496 Βοὴ.
995 3483 1028 3494 ...
1047 3449 1132 3507 tepore,
1143 3443 1212 3495 Pina
1228 3481 1262 3494 .-

128 3512 232 3580 scmoss]
244 3515 269 3566 d.
286 3515 347 3567 Viri.
358 3516 491 3568 Aristotel.
503 3516 562 3568 hist.
575 3515 651 3566 eninr.
665 3517 689 3576 7,
701 3519 725 3564 2.
736 3528 762 3578 p.
776 3511 845 3564 5821>
859 3519 900 3564 20.

171 3585 241 3648 367.
259 3581 437 3645 lactiseminoe,
449 3587 473 3635 d.
492 3623 524 3634 ..
539 3589 622 3647 parta,
634 3583 658 3632 d.
676 3620 710 3632 ...
727 3587 806 3644 stow,
818 3580 883 3633 Rob.
901 3620 934 3630 ..
951 3577 1087 3644 coepimus,
1098 3579 1168 3634 Tdr.
1187 3619 1219 3629 ..
1237 3576 1263 3628 in

29 3646 31 3652 ’
137 3649 211 3714 ebus,
223 3653 247 3702 d.
261 3692 293 3702 ..
304 3650 414 3715 solvam,
423 3652 529 3704 Barbas.
545 3647 654 3712 solioum,
665 3648 698 3700 R.
715 3647 825 3712 rodoam,
837 3650 861 3699 d.
878 3649 939 3700 vid.
948 3649 1081 3701 Aristotel.
1090 3662 1175 3713 gener.
1185 3648 1263 3699 anim

139 3725 163 3781 2,
176 3721 200 3768 7.
231 3721 355 3772 .747⁸7.
373 3719 435 3773 ..⁴
484 3718 551 3770 id'.

173 3735 241 3848 §ola
257 3795 345 3849 senas,
356 3791 402 3841 R'.
418 3718 625 3839 lllllbsstosel.
640 3785 700 3836 bist.
715 3785 792 3836 anim.
805 3789 829 3846 7,
846 3792 886 3838 10.
897 3801 923 3852 p.
937 3790 985 3839 587
990 3783 1005 3824 b
1018 3791 1058 3836 14.
1076 3824 1109 3834 ..
1129 3780 1264 3848 superiora,

140 3851 166 3901 d.
187 3851 309 3915 superiori,
321 3857 352 3904 Τ.
371 3894 403 3906 ..
420 3853 478 3916 Μ..
488 3855 568 3906 Hard.
586 3853 634 3917 M„
646 3854 694 3907 Rc
709 3850 802 3918 (Βοὴ.)
812 3849 842 3917 β.
859 3855 1002 3919 Exscripsit
1013 3853 1078 3903 haee
1089 3851 1170 3903 Solin.
1184 3855 1208 3912 1,
1221 3853 1263 3902 70.

67 3916 80 3932 “’
142 3956 174 3969 ..
184 3916 301 3978 seminas,
313 3922 338 3969 d.
356 3960 389 3970 ..
406 3920 543 3985 exemplam,
555 3925 580 3974 d.
1278 3922 1284 3931 ⁸

173 3983 243 4044 169.
265 3981 349 4045 deleta,
365 3989 389 4036 d.
412 4026 445 4038 ...
466 3988 501 4047 ΐο,
515 3990 548 4040 Β.
567 4029 599 4038 -
609 3991 730 4055 suturam,
746 3990 846 4042 BTdr.
864 3988 986 4052 faurum,
1002 3982 1031 4047 β.
1050 4027 1083 4036 ..
1107 3987 1264 4039 sacomam

142 4067 226 4112 esrom,
236 4052 260 4101 d.
277 4092 310 4103 ..
329 4050 469 4117 Sessopicm
478 4051 558 4118 etiam
568 4056 602 4107 K.
619 4098 652 4109 ..
671 4055 747 4120 illito,
758 4059 783 4108 (1.
802 4096 834 4106 ..
853 4060 1011 4117 turpantem
1015 4053 1198 4117 florentissimo,
1208 4051 1263 4102 Rd.

142 4158 174 4172 -
193 4117 272 4182 ertio,
283 4136 304 4170 r.
322 4159 355 4170 ..
372 4117 514 4183 aracaio,
525 4123 556 4174 Τ.
575 4123 693 4177 esserum
704 4140 729 4177 v.
740 4124 849 4176 Aristoa
862 4121 922 4172 hist.
934 4121 1010 4172 anim.
1024 4129 1064 4185 lo,
1076 4130 1099 4173 4.
1111 4139 1136 4189 p.
1149 4117 1217 4172 sacb
1232 4125 1264 4181 a,

141 4201 226 4250 gener.
240 4189 318 4238 anim.
331 4195 355 4250 4,
372 4196 396 4238 4.
408 4203 433 4252 p.
447 4191 515 4240 ’1761ι
536 4195 575 4243 15.
593 4198 619 4242 ct
634 4193 715 4246 Solia.
730 4200 758 4254 1,
770 4194 811 4242 67.
838 4228 871 4238 -
897 4186 1063 4254 Bidinorum,
1075 4190 1107 4241 R·
1132 4185 1263 4253 Billlmb·

142 4269 202 4315 rum,
215 4248 286 4319 dssr.
304 4257 364 4307 vid.
376 4257 465 4308 Valet.
476 4258 549 4309 Max.
561 4258 583 4310 1.
596 4265 620 4311 8.
638 4267 690 4311 ext.
705 4266 744 4312 12.
757 4265 783 4309 et
794 4256 879 4309 Solin.
893 4261 917 4319 1,
931 4259 970 4309 to.
