2896 4800
197 240 266 304 etc·
413 263 416 268 ·
553 256 758 305 uaruusnrs
778 255 974 306 nrsroamn

199 422 263 477 tem
284 410 467 495 oblongum,
496 431 560 474 non
581 419 618 474 ut
638 410 731 475 olivis
752 406 976 488 orbiculatum,
1004 420 1170 496 practerea
1191 429 1325 477 caesum

199 536 220 579 a
240 512 335 577 dorso
356 510 522 597 pulvinata
542 510 657 576 fissura
678 522 711 577 ct
731 511 765 576 in
786 512 858 577 alvo
879 511 987 577 media
1008 510 1170 597 plerisque
1191 512 1324 578 umbili-

199 624 320 688 catum3
343 610 418 677 inde
438 611 579 697 primum
600 613 764 700 spargitur
784 612 889 677 radix.
912 609 1040 679 Seritur
1060 623 1169 677 autem
1182 634 1324 698 pronum

199 725 232 779 et
252 713 329 779 bina
349 713 442 777 iuxta
463 713 639 799 composita
660 713 782 780 semina
808 735 968 800 superque
998 712 1142 790 totidem,
1170 713 1324 797 quoniam

199 814 325 879 infirma
346 813 480 901 singulis
495 816 681 900 planteam,
705 825 879 899 quaternae
896 814 1087 881 coalescunt.
1109 813 1225 879 Multis
1243 835 1372 880 can-ss

199 916 347 1000 didisquc
367 917 491 1004 lignum
512 916 573 983 hoc
594 939 614 980 a
635 917 785 983 carnibus
808 915 1000 982 discernitur
1013 915 1141 994 tunicis,
1163 916 1236 982 aliis
1250 939 1325 984 cor·

200 1017 272 1104 pori
287 1017 546 1096 adhaerentibus,
568 1017 705 1102 laxeque
721 1018 854 1096 distans,
878 1027 1003 1083 tantum
1023 1017 1180 1084 cacumini
1193 1017 1247 1084 filo
1262 1018 1324 1082 ad-

200 1120 345 1186 haerens.
369 1117 454 1186 Caro
468 1120 655 1187 maturescit
670 1141 765 1199 anno,
788 1118 982 1203 quibusdam
1004 1129 1112 1184 tamen
1125 1119 1159 1182 in
1172 1118 1263 1198 locis,
1286 1131 1325 1184 ut

200 1223 235 1287 in
258 1221 380 1309 Cypro,
410 1243 605 1307 quamquam
631 1220 673 1285 ad
701 1220 919 1286 maturitatem
939 1241 1004 1286 non
1024 1220 1202 1305 perveniat,
1229 1230 1324 1308 grato

201 1347 317 1410 sapore
339 1323 458 1400 dulcis3
481 1334 513 1389 et
536 1322 648 1388 folium
668 1322 715 1388 ibi
735 1322 844 1402 latius,
866 1323 987 1388 fructus
1009 1344 1106 1406 quam
1122 1322 1252 1406 reliquis
1266 1345 1323 1387 ro-

202 1426 344 1503 tundior,
367 1446 426 1489 nec
447 1433 485 1489 ut
506 1423 677 1489 devorctur
699 1446 816 1510 corpus
836 1447 949 1490 verum
969 1433 1007 1487 ut
1028 1434 1218 1508 exspuatur,
1245 1446 1325 1490 suco

201 1526 299 1591 modo
320 1546 483 1610 expresso.
504 1523 550 1588 Et
569 1525 604 1589 in
617 1524 739 1590 Arabia
759 1525 912 1610 languide
934 1525 1045 1591 dulces
1067 1524 1371 1592 tradunturessc‘ac

203 1626 341 1712 palmae,
356 1646 549 1709 quamquam
563 1624 646 1690 Iuba
660 1625 747 1712 apud
762 1623 909 1691 Scenitas
919 1625 1048 1691 Arabas
1062 1625 1207 1710 praefert
1221 1625 1325 1691 omni·

204 1726 266 1792 bus
288 1725 455 1813 saporibus
476 1749 573 1811 quam
593 1736 709 1793 vocant
729 1725 857 1792 dablan.
881 1723 1000 1792 Cetero
1022 1727 1091 1791 sine
1104 1726 1246 1793 maribus
1260 1750 1326 1793 non

204 1827 339 1914 gignere
360 1827 495 1893 feminas
518 1839 632 1914 sponte
648 1828 735 1893 edito
749 1849 879 1894 nemore
895 1828 1082 1893 confirmant
1096 1827 1243 1911 circaque
1258 1829 1326 1893 sin-

204 1929 299 2017 gulos
320 1928 422 2014 pluris
442 1937 555 1994 nutare
576 1929 611 1993 in
632 1950 706 1995 eum
726 1952 845 2015 pronas
863 1928 1083 1995 blandioribus
1098 1929 1212 2005 comis3
1233 1928 1325 1995 illum
1339 1950 1372 1995 35

206 2030 322 2096 erectis
343 2029 507 2117 bispidum
528 2030 649 2097 adflatu
676 2031 813 2116 visuque
833 2031 905 2117 ipso
927 2040 961 2095 ct
980 2031 1114 2115 pulvere
1134 2029 1230 2095 etiam
1249 2031 1327 2096 reli..

204 2155 286 2218 quas
312 2132 471 2212 maritare,
498 2131 594 2197 huius
621 2133 734 2199 arbore
762 2120 871 2197 excisa
896 2130 1011 2196 viduas
1032 2140 1105 2216 post
1128 2131 1326 2197 sterilescere

204 2233 353 2300 feminas.
373 2232 533 2320 Adeoque
555 2244 604 2299 est
624 2234 752 2300 veneris
773 2233 954 2299 intellectus
974 2243 1011 2297 ut
1032 2233 1134 2298 coitus
1148 2232 1245 2298 etiam
1266 2255 1326 2298 ex-

204 2337 365 2426 cogitatus
386 2335 429 2402 sit
452 2336 494 2402 ab
515 2335 642 2402 homine
665 2359 683 2403 e
704 2335 847 2401 maribus
866 2335 945 2401 flore
960 2356 999 2401 ac
1013 2334 1176 2421 lanugine,
1196 2334 1327 2402 interim

204 2460 282 2503 vero
305 2448 431 2503 tantum
451 2438 584 2524 pulvere
606 2437 752 2524 insperso
773 2436 911 2503 feminis.

248 2539 279 2603 8.
309 2535 469 2604 Seruntur
489 2548 598 2604 autem
624 2539 750 2624 palmae
771 2548 804 2604 et
825 2547 938 2611 trunco
960 2539 1003 2602 ad
1023 2538 1124 2603 duum
1145 2538 1327 2604 cubitorum
1339 2557 1375 2602 ss

205 2638 438 2727 longitudinem
459 2661 480 2703 a
501 2639 631 2704 cerebro
652 2639 724 2726 ipso
746 2637 868 2705 arboris
888 2638 1014 2704 fissuris
1036 2638 1140 2704 diviso
1155 2649 1252 2724 atque
1267 2639 1325 2705 de·

205 2740 302 2805 fosso.
324 2738 370 2803 Et
390 2737 432 2804 ab
453 2738 561 2805 radice
582 2739 710 2806 avolsae
725 2739 833 2806 vitalis
855 2750 904 2806 est
926 2749 1016 2804 satus
1038 2749 1072 2806 et
1092 2762 1252 2806 ramorum
1273 2747 1325 2804 te-

206 2840 366 2909 nerrimis.
386 2839 427 2907 In
440 2839 582 2933 Assyria
601 2841 675 2933 ipsa
696 2862 823 2931 quoquc
844 2840 939 2910 arbor
961 2851 1061 2909 strata
1080 2842 1115 2908 in
1136 2842 1203 2908 solo
1216 2841 1327 2908 umido

240 3017 309 3079 §32
325 3036 418 3072 mecam
429 3039 453 3086 a,
464 3024 511 3076 Rd
522 3019 608 3086 (codd.
621 3019 691 3085 Gal.)
708 3037 835 3084 summac,
847 3019 875 3072 S.
892 3035 991 3083 comma,
1003 3036 1026 3071 a.
1049 3035 1146 3083 summo,
1157 3034 1179 3070 r.
1200 3032 1328 3079 sammon,

205 3086 274 3139 Piut.
301 3130 334 3140 -
355 3089 646 3154 pulvinata,Rd(codd.
659 3087 730 3153 Gel.)
752 3088 939 3155 pulvinatasr.
961 3087 1144 3152 palmiaoto,a.
1171 3127 1204 3137 ..
1221 3086 1328 3149 fissam,

205 3154 287 3207 RSa²
308 3155 395 3220 (codd.
417 3158 487 3224 Gal.)
505 3159 611 3223 fictura,
627 3162 684 3211 a¹d.
706 3160 769 3210 Post
784 3155 864 3207 media
879 3157 991 3207 collocat
1006 3172 1027 3208 r.
1052 3196 1085 3207 ...
1114 3152 1181 3217 inde,
1198 3155 1230 3205 R.
1255 3150 1328 3215 ande,

206 3219 299 3288 adssy.
316 3267 348 3276 ..
367 3225 581 3292 rodibsparpitar,
593 3245 617 3279 a.
634 3268 666 3278 ..
685 3225 790 3288 iipirma,
802 3226 827 3275 d.
846 3223 963 3286 irpirmae,
974 3241 997 3275 a.
1015 3223 1116 3286 iqfirme,
1128 3223 1160 3273 R.

241 3294 309 3355 5³3.
335 3291 484 3357 discernitur,
495 3297 578 3346 R'rd.
605 3292 776 3353 dt'sceditur,a.
801 3289 951 3353 descenditur,
962 3293 1052 3344 Dalec.
1077 3330 1110 3341 ...
1136 3287 1268 3349 uaicrsffl.
1291 3325 1326 3338 ..

205 3359 457 3490 sacru
485 3361 667 3480 -uu
685 3361 823 3478 sicu
835 3400 877 3478 r.
1135 3352 1326 3483 “tntis

372 3465 379 3488 ν
434 3465 441 3479 ·
460 3469 493 3478 —
659 3466 665 3480 ·
683 3469 716 3480 ·-
879 3464 886 3480 ⁰
911 3464 917 3479 ·
936 3468 969 3478 ·-
1122 3457 1128 3470 ⁸
1146 3461 1179 3472 “·
1274 3457 1281 3482 i
1319 3458 1327 3472 ·

207 3533 240 3544 -
258 3490 341 3552 dulcia
354 3443 444 3546 Tadi.
462 3446 537 3546 dulcis
548 3467 681 3561 est’lissy.
699 3537 731 3546 ..
740 3465 840 3559 sinclita
851 3511 931 3557 quam,
942 3497 967 3547 R
975 3489 1064 3545 daur.
1073 3491 1224 3556 fructusque,
1235 3483 1266 3550 t?

241 3559 309 3620 §³4-
328 3560 446 3626 leupoldo,
459 3578 510 3614 om.
521 3568 553 3618 R.
572 3606 604 3616 ..
618 3564 735 3630 palmam,
746 3581 770 3615 a.
788 3605 821 3614 ..
841 3561 983 3622 Enitoc,R.
1009 3601 1043 3612 ...
1069 3549 1327 3616 matuariorum.

206 3626 328 3691 dabulcm,
338 3625 368 3691 β.
386 3671 419 3681 ..
448 3627 573 3694 Cema.
596 3673 629 3682 -
654 3627 1129 3694 εἰπωηαπῖκιεηοη,ΒΤαᾱ(οριὶωιιε
1139 3626 1328 3689 libcrap.Sal-

205 3712 269 3748 mas.
282 3712 364 3748 exerc.
376 3713 402 3762 p.
415 3704 472 3750 939.
485 3717 508 3751 a.
520 3699 569 3764 D.)
594 3716 640 3750 non
650 3700 701 3749 sine
712 3699 823 3761 maribus,
835 3694 865 3760 β.
892 3738 925 3748 -
943 3697 1065 3761 seminas,
1077 3695 1102 3746 R
1113 3693 1192 3758 (liber
1202 3690 1327 3755 sumas.)

199 3764 317 3828 feminac,
328 3767 394 3817 Tot
405 3765 509 3830 semina,
522 3771 579 3818 ad².
598 3808 630 3818 ..
647 3769 820 3832 corfirmonete,
831 3769 863 3816 R.
882 3806 914 3816 ..
931 3773 1040 3826 numae,
1052 3766 1097 3815 ad.

241 3835 256 3896 ξ
268 3839 309 3883 35.
327 3834 397 3883 etiam
408 3832 687 3897 stomacatione.
705 3875 738 3885 ..
755 3832 807 3883 vidi
816 3833 860 3883 uui
869 3849 890 3895 o,
902 3833 934 3883 R.
952 3822 1117 3901 bidussslpcst
1128 3831 1167 3881 (1¹.
1186 3827 1255 3878 biduo
1261 3832 1327 3891 port,

207 3900 293 3950 Tad².
316 3901 419 3953 Servari
435 3903 584 3966 scripturam
600 3904 744 3966 vulgatam,
759 3903 804 3952 scd
819 3916 942 3966 perquam
958 3901 1023 3950 mihi
1038 3907 1077 3951 est
1086 3898 1219 3963 probabile
1231 3896 1326 3944 omisso

206 3968 324 4016 adverbio
336 3977 392 4031 post
406 3971 543 4034 legendum
559 3985 614 4020 esse
630 3969 736 4032 viduum,
752 3984 818 4033 quac
832 3983 886 4018 vox
901 3969 1033 4031 hucusque
1053 3975 1153 4018 tantum
1170 3981 1203 4016 cx
1219 3964 1326 4016 Sidonio

206 4033 351 4096 Apollinari
363 4039 434 4100 epist.
448 4044 472 4097 6,
484 4043 508 4088 2.
521 4044 546 4089 et
556 4039 719 4103 inscriptione
731 4053 747 4086 a
766 4038 882 4087 .Donat.
894 4038 926 4086 cl
945 4042 985 4086 lo.
997 4051 1036 4085 nr.
1053 4039 1094 4086 51.
1110 4033 1228 4085 innotuit.
1247 4071 1279 4082 ..
1301 4037 1328 4078 ut

207 4101 387 4162 „excopitntus
398 4121 448 4154 om.
460 4105 493 4155 R.
511 4145 544 4154 ..
561 4107 625 4167 aa.
643 4121 680 4165 ea,
692 4107 730 4156 ad
761 4118 787 4169 γ.
1053 4116 1056 4121 “
1171 4118 1179 4129 “

241 4167 256 4229 §
268 4172 309 4223 ³⁶.
328 4175 408 4218 muco
418 4170 460 4233 ad,
470 4172 507 4223 ita
517 4188 564 4224 nos
576 4173 728 4238 scripsimus.
750 4174 835 4223 mnu}
844 4179 906 4234 ent
916 4172 949 4222 R.
971 4176 1061 4230 tanco,
1073 4166 1168 4234 adstr.
1192 4207 1225 4219 -
1246 4165 1327 4227 duum,

207 4234 310 4285 RTad.
328 4232 434 4300 duorum,
445 4255 458 4288 r
469 4237 539 4302 (cod.
552 4240 661 4292 Salmas.
672 4254 755 4293 exerc.
767 4255 792 4305 p.
805 4245 863 4295 984.
874 4255 898 4295 a.
910 4234 958 4302 D.)
975 4276 1007 4289 -
1025 4236 1136 4300 cubitum,
1148 4236 1205 4287 θοὰ
1218 4235 1326 4290 sm·
