2896 4800
137 215 199 281 266
488 232 694 282 urrunsurs
715 234 911 283 ursronmu

136 382 255 473 agitur.
286 380 343 448 Fit
368 383 403 448 in
429 384 512 451 favis
534 384 728 470 quibusdam
747 387 805 472 qui
825 397 961 454 vocatur
981 388 1103 466 elavos,
1130 408 1309 457 amaraeso

136 486 256 552 duritia
277 508 378 564 cerae,
400 508 475 552 cum
494 487 597 553 fetum
618 488 695 555 inde
715 511 781 554 non
800 489 942 556 eduxere
963 489 1075 555 morbo
1095 499 1153 554 aut
1165 489 1261 578 igna-

137 588 190 656 via
209 598 267 653 aut
286 588 519 654 infecunditate
540 591 677 656 naturali
684 614 693 667 3
723 591 776 657 hic
803 602 853 659 est
876 591 1009 657 abortus
1031 591 1150 677 apium.
1177 591 1262 659 Pro-

137 691 224 755 tinus
246 699 354 756 autem
368 690 476 756 educti
489 702 665 778 operantur
679 693 818 777 quadam
831 692 1091 779 disciplinarum
1104 695 1263 761 matribus

135 813 309 880 regemque
335 793 486 858 iuvenem
513 794 656 878 aequalis
684 794 778 860 turba
805 796 983 862 comitatur.
1016 794 1125 881 Reges
1151 796 1261 881 plures
1275 815 1327 860 51.

134 894 325 960 inchoantur
345 916 386 959 ne
407 895 666 980 desint;·postea
687 918 728 962 ex
747 897 799 962 his
821 896 950 962 suboles
972 919 1045 963 cum
1066 896 1177 963 adulta
1190 919 1261 963 esse

136 996 253 1082 coepit,
282 997 437 1062 concorde
468 997 621 1085 suffragio
649 998 839 1065 deterrimos
865 1008 982 1064 necant
1012 1021 1054 1064 ne
1083 998 1262 1064 distrahant

135 1098 275 1186 agmina.
296 1096 375 1164 Duo
396 1109 504 1164 autem
525 1122 644 1188 genera
665 1122 792 1179 eorum3
815 1099 928 1165 melior
948 1099 1041 1165 rufus
1055 1121 1153 1185 quam
1167 1101 1261 1190 niger

136 1201 317 1286 variusque.
350 1197 511 1265 Omnibus
539 1200 643 1265 forma
670 1222 798 1286 semper
827 1200 960 1289 egregia
989 1210 1021 1266 et
1042 1201 1141 1285 duplo
1162 1223 1261 1286 quam

136 1302 250 1368 ceteris
271 1303 382 1381 maior,
412 1302 530 1387 pinnae
551 1301 726 1381 breviores,
757 1322 851 1368 crura
871 1313 970 1381 recta,
1000 1302 1165 1390 ingressus
1193 1303 1261 1368 cel·

137 1403 211 1482 sior,
232 1405 268 1469 in
288 1405 392 1468 fronte
412 1402 538 1468 macula
557 1404 697 1487 quodam
710 1404 891 1472 diademate
912 1404 1086 1471 candicans
1092 1430 1102 1485 3
1123 1406 1262 1472 multum

137 1506 233 1570 etiam
255 1505 358 1570 nitore
379 1527 399 1569 a
420 1506 516 1592 volgo
539 1504 702 1572 differunt.

106 1638 110 1645 ·
179 1605 296 1672 XVII.
320 1607 369 1671 17.
404 1604 550 1688 Quaerat
576 1628 663 1672 nunc
684 1608 809 1694 aliquis,
837 1631 964 1675 unusne
985 1608 1145 1678 Hercules
1166 1609 1307 1675 fueritcs

138 1717 171 1773 et
191 1718 270 1792 quot
289 1706 404 1774 Liberi
423 1718 533 1795 patres
555 1709 732 1794 etreliqua
752 1711 922 1778 vetustatis
936 1709 1002 1775 situ
1021 1709 1151 1776 obruta!
1174 1709 1263 1777 Ecce

136 1811 172 1878 in
199 1833 235 1875 re
262 1832 364 1897 parva
391 1808 539 1895 villisque
566 1811 685 1876 nostris
712 1812 850 1891 adnexa,
885 1812 978 1878 cuius
1007 1811 1144 1877 adsidua
1170 1813 1264 1899 copia

136 1919 197 1989 est,
223 1932 289 1975 uon
315 1921 440 1976 constat
460 1911 544 1977 inter
565 1922 722 1991 auctores,
753 1936 812 1979 rex
837 1913 1004 1979 nullumne
1031 1913 1119 1978 solus
1145 1912 1263 1979 habeat

138 2014 285 2079 aculeum
311 2015 477 2080 maiestate
500 2024 625 2079 tantum
646 2025 797 2094 armatus,
826 2038 867 2081 an
889 2015 1016 2081 dederit
1035 2015 1166 2099 quidem
1187 2037 1263 2080 eum
1309 2103 1312 2108 Ι

137 2126 253 2181 natura
280 2116 339 2181 sed
364 2139 460 2182 usum
487 2115 557 2182 eius
577 2116 641 2182 illis
663 2127 788 2182 tantum
813 2116 997 2203 negaverim
1030 2115 1109 2182 illud
1135 2127 1262 2182 constat

136 2220 350 2306 inperatorem
371 2219 482 2286 aculeo
503 2242 569 2284 non
589 2218 648 2284 uti.
670 2217 758 2284 Mira
778 2218 886 2304 plebei
909 2218 995 2285 circa
1016 2240 1090 2284 eum
1108 2215 1262 2283 obedien·
1277 2235 1310 2280 aa

139 2322 198 2400 tia3
233 2344 307 2389 eum
339 2322 497 2409 procedit,
529 2344 595 2386 una
626 2331 674 2387 est
708 2330 812 2386 totum
846 2343 982 2387 examen
1011 2321 1160 2404 circaque
1180 2340 1263 2385 eum

138 2425 297 2512 globatur,
326 2423 436 2509 cingit,
465 2423 619 2510 protegit,
649 2423 737 2489 cerni
763 2446 828 2489 non
854 2423 987 2510 patitur.
1019 2420 1158 2506 Reliquo
1179 2433 1261 2488 tem·

139 2545 227 2608 pore,
257 2546 330 2590 eum
350 2524 491 2610 populus
515 2524 551 2589 in
571 2523 680 2590 labore
702 2535 761 2603 est,
787 2525 859 2612 ipse
888 2546 987 2611 opera
1006 2524 1095 2590 intus
1117 2523 1263 2590 circumit

140 2622 253 2688 similis
275 2625 466 2702 exhortanti,
494 2625 582 2690 solus
606 2625 747 2690 inmunis
754 2650 763 2703 3
795 2626 879 2692 circa
907 2648 982 2692 eum
1009 2625 1162 2692 satellites
1188 2626 1262 2711 qui·

80 2796 83 2801 ,
140 2723 215 2796 dam
235 2725 433 2810 lictoresque
455 2725 583 2791 adsidui
609 2726 758 2793 custodes
772 2727 981 2793 auctoritatis.
1003 2727 1158 2794 Procedit
1178 2727 1263 2793 foras
1277 2740 1308 2786 64

139 2848 204 2891 non
224 2826 288 2892 nisi
308 2826 485 2914 migraturo
507 2828 671 2906 examine3
698 2828 734 2893 id
755 2830 854 2895 multo
876 2828 1074 2917 intellegitur
1095 2833 1181 2908 aute,
1203 2828 1262 2893 ali·

140 2938 218 3013 quot
239 2928 353 2995 dicbus
375 2952 537 2999 murmure
558 2931 645 2998 intus
667 2940 830 3018 strepente
857 2930 1029 3018 adparatus
1049 2931 1155 2998 indice
1175 2930 1264 2996 diem

172 3135 188 3198 §
201 3144 241 3190 50.
259 3136 348 3201 clocas,
359 3140 442 3192 RTd.
459 3139 554 3204 coleras,
566 3142 634 3192 Piut
650 3133 730 3204 θ(ἲ).
748 3137 832 3202 clerus,
841 3135 871 3201 β.
889 3139 1045 3201 Schneider„
1058 3139 1102 3204 qui
1113 3141 1147 3189 ad
1160 3139 1263 3192 Colum.

139 3205 188 3257 IX.
208 3211 250 3268 13,
270 3213 308 3258 10.
326 3209 394 3259 hanc
411 3209 548 3261 lectionem
562 3210 727 3273 probaverat,
744 3209 778 3257 ad
793 3208 901 3259 Aristot.
917 3209 936 3257 l.
952 3206 1151 3259 1.8,27.’1“.Π.
1164 3221 1189 3269 p.
1205 3210 1263 3256 676.

139 3274 256 3325 codicum
272 3276 423 3340 scripturam
439 3285 506 3328 recte
521 3276 638 3342 praefert.
660 3316 693 3327 ..
715 3291 790 3326 cerua
814 3244 1025 3338 Gom-uomit,
1046 3271 1085 3326 lic
1107 3273 1265 3335 interpungit

139 3342 207 3392 rint.
225 3382 258 3392 ..
275 3357 357 3406 optor,
367 3338 397 3405 β.

173 3443 242 3506 §bh
259 3439 500 3504 ncdcsiat,Barbar.
518 3437 784 3505 cecderunt,RO'l¹d.
808 3486 840 3496 ..
864 3432 1031 3508 meacmd.
1045 3478 1075 3488 ..
1097 3437 1263 3503 mcpcritdr.

139 3549 173 3559 ...
191 3507 312 3570 concorda,
323 3510 356 3560 R.
375 3507 491 3570 concordi,
503 3504 574 3574 ᾱβγ,
598 3551 629 3559 -
652 3511 788 3575 tetcmmos,
800 3516 841 3563 dr.
865 3553 898 3564 ..
919 3508 992 3626 ossa
999 3523 1084 3572 quom,
1095 3506 1202 3558 Aristot.
1214 3507 1233 3558 l.
1245 3509 1265 3557 1.

140 3583 169 3638 6,
186 3583 227 3627 21.
244 3585 270 3627 et
286 3582 314 3639 9,
331 3582 373 3628 4ο.
388 3592 414 3642 p.
432 3574 495 3629 calb
509 3583 550 3627 22.
568 3573 583 3624 ὁ
597 3573 650 3639 μὲν
667 3573 784 3640 βελτίων
799 3575 918 3645 πυρρός,
967 3572 985 3627 d
1001 3571 1109 3641 traps<
1116 3570 1209 3638 μέλας
1218 3569 1265 3624 καὶ

139 3639 343 3710 ποικιλώτερος.
368 3645 457 3698 omitt.
474 3638 608 3710 soror.
629 3647 664 3696 V.
681 3645 799 3698 Schneid.
816 3650 848 3698 ad
864 3647 967 3698 Colum.
979 3644 1028 3697 IX.
1042 3651 1083 3708 10,
1096 3650 1120 3694 l.
1132 3651 1159 3694 et
1168 3644 1266 3694 Nicias.

140 3714 175 3762 ad
187 3712 268 3777 Geop.
280 3712 341 3764 XV.
354 3720 379 3777 2,
392 3720 432 3765 16.
451 3754 484 3764 ..
501 3712 577 3778 niger,
590 3728 641 3764 om.
657 3705 687 3764 θ.
704 3730 774 3778 quam
786 3712 855 3780 cipro
864 3714 955 3778 comus,
966 3714 1001 3765 Κ.
1024 3752 1057 3764 ..
1079 3719 1178 3776 atace,
1190 3715 1215 3763 d.
1233 3750 1266 3760 ..

141 3787 227 3843 erecto,
238 3782 273 3831 K.

174 3883 190 3944 5
203 3887 243 3932 62.
262 3890 318 3946 quot
328 3881 417 3934 Liberi
425 3882 522 3941 Pctrca
533 3884 600 3937 Pint.
613 3884 667 3935 Ru.
685 3889 742 3946 quot
750 3881 837 3932 Liberi
842 3889 927 3946 potres
937 3880 1078 3946 spelcum,
1088 3897 1109 3932 r.
1126 3894 1172 3943 qao
1182 3875 1270 3927 stm'

138 3955 224 4010 potres
234 3949 372 4014 sepulcrm,
385 3944 414 4001 θ.
432 3949 498 4014 quod
506 3949 685 4016 Lrbcripotrr‘a
697 3950 752 4002 ST.
770 3947 835 4014 quod
843 3949 929 3999 Laberi
934 3950 1018 4014 potata
1028 3947 1173 4014 amulorum,
1184 3940 1216 4008 β.
1234 3984 1267 3996 .-

142 4014 279 4078 venustatis,
290 4020 322 4070 R.
342 4058 374 4067 ..
391 4017 511 4082 assidam,
522 4019 555 4069 B.
573 4059 605 4068 ..
623 4016 717 4082 quidem
733 4032 797 4079 cum,
813 4018 845 4067 R.
866 4031 919 4065 eum
936 4015 1043 4080 quidem,
1060 4013 1132 4081 ᾱβγ.
1155 4054 1188 4065 ..
1209 4011 1268 4075 cius,

142 4081 223 4132 It²d².
246 4091 281 4143 aas
296 4083 329 4146 ts,
345 4086 393 4135 Bt
414 4087 507 4148 muta,
524 4087 561 4136 (1¹.
580 4125 612 4135 -
629 4083 679 4134 uls
690 4091 788 4146 ranam,
799 4085 836 4135 its
846 4098 895 4136 nos
906 4085 1060 4148 scripsimus.
1077 4082 1211 4144 utram,
1222 4081 1268 4133 Bt

142 4145 184 4196 illc
194 4155 315 4213 statutum,
327 4153 372 4202 12².
390 4150 410 4202 tl
423 4141 463 4222 'sss
470 4159 595 4214 rmtcmm,
607 4155 625 4203 d
636 4150 771 4216 (suprascr.
785 4157 875 4200 tontum
885 4152 1021 4216 posteriori
1032 4149 1113 4216 voci)
1132 4149 1174 4207 illi
1183 4156 1269 4211 tecm

143 4214 177 4266 Κ.
196 4213 235 4265 ult
246 4222 344 4282 tonum,
355 4215 407 4284 βγ.
451 4217 526 4272 er'llir
536 4221 617 4272 relato
630 4221 664 4271 ad
674 4234 717 4269 ras
728 4234 752 4270 v.
764 4219 798 4271 sd
809 4224 833 4281 9,
848 4219 904 4271 167.
