2896 4800
194 250 257 317 356
544 263 748 312 nsruanms
770 261 965 312 msromnn

194 419 312 486 cortice
339 438 435 503 quem
463 427 574 482 contra
602 428 700 502 atque
727 417 761 482 in
788 417 936 483 cinnamo
962 414 1072 481 labare
1099 424 1133 481 et
1159 416 1318 485 exinaniri

194 523 334 608 pretium
349 531 407 585 est.
428 519 619 606 Amplitudo
632 518 741 584 frutici
756 519 853 583 trium
867 517 1060 596 cubitorum,
1082 519 1168 583 colos
1183 519 1317 606 triplex:

194 648 267 690 cum
293 622 433 710 primum
453 622 586 700 emicat,
614 621 771 688 candidus
799 620 907 706 pedali
933 642 1100 696 mensura3
1130 620 1207 686 dein
1227 623 1317 689 rufe·

193 724 254 789 scit
274 723 385 789 addito
412 723 593 810 semipede,
621 723 707 787 ultra
734 722 909 808 nigricans.
944 720 1037 787 Haec
1062 743 1140 807 pars
1166 745 1317 790 maxume
1331 741 1364 784 sc

190 825 399 891 laudaturae
421 825 538 892 deinde
560 847 727 912 proxuma,
751 824 922 889 damnatur
942 845 1019 889 vero
1041 822 1189 888 candida.
1224 820 1316 889 Con·

192 937 303 991 secant
325 928 469 993 surculos
490 926 691 1016 longitudine
704 926 817 992 binum
831 925 1016 1012 digitorum,
1037 946 1115 990 mox
1135 935 1316 1010 praesuunt

189 1027 376 1095 recentibus
398 1029 493 1095 coriis
515 1028 751 1113 quadripedum
772 1027 815 1093 ob
836 1027 870 1091 id
891 1027 1165 1112 interemptarum,
1194 1035 1232 1091 ut
1251 1047 1315 1111 pu-

189 1130 403 1196 trescentibus
424 1130 590 1195 vermiculi
611 1129 736 1217 liguum
758 1129 892 1196 erodant
919 1137 953 1194 et
980 1138 1138 1194 excavent
1164 1127 1316 1193 corticem

190 1241 296 1299 tutum
317 1233 539 1298 amaritudine.
561 1232 724 1298 Probatur
737 1253 853 1297 recens
867 1252 1016 1295 maxume
1034 1239 1068 1296 et
1081 1251 1164 1314 quae
1179 1229 1221 1295 sit
1234 1229 1315 1296 odo·
1329 1243 1360 1290 ar

188 1332 235 1398 ris
254 1335 432 1402 mollissimi
453 1344 617 1422 gustuque
644 1354 741 1417 quam
768 1354 918 1397 maxume
939 1332 1067 1398 fervens
1088 1330 1315 1417 potiusquam

188 1432 282 1500 lento-
298 1445 409 1521 tepore
429 1434 544 1500 leniter
563 1434 724 1513 mordens,
747 1434 853 1500 colore
874 1456 1048 1521 purpurae,
1071 1454 1218 1518 quaeque
1239 1432 1314 1519 plu-

188 1556 281 1600 ruma
302 1536 480 1601 minumum
508 1535 661 1623 ponderis
688 1536 797 1614 faeiat,
824 1535 916 1601 brevi
946 1536 1126 1600 tunicarum
1152 1534 1260 1601 fistula
1281 1544 1315 1600 et

188 1655 253 1698 non
281 1636 405 1724 fragili3
431 1637 539 1703 ladam
565 1646 682 1702 vocant
708 1637 805 1702 talem
832 1636 970 1704 barbam
991 1635 1131 1702 nomine.
1167 1635 1245 1701 Alia
1265 1645 1315 1701 est

188 1734 390 1804 balsamodss
411 1738 453 1805 ab
474 1738 572 1804 odore
595 1737 690 1804 simili
708 1738 878 1826 appellata,
901 1739 960 1805 sed
974 1761 1082 1804 amara
1095 1738 1232 1823 ideoque
1245 1737 1313 1802 uti-

189 1836 251 1903 lior
271 1839 416 1920 medicis,
447 1840 529 1906 sicut
548 1839 643 1929 nigra
662 1839 849 1928 unguentis.
885 1839 999 1906 Pretia
1020 1840 1100 1905 nulli
1121 1839 1294 1906 diversiora
1301 1863 1311 1916 ;

187 1949 338 2027 optumae
359 1942 393 2006 in
413 1941 512 2008 libras
533 1941 572 2006 X
592 1965 622 2021 n,
644 1942 760 2009 ceteris
780 1941 819 2006 X
839 1966 872 2009 v.

228 2040 313 2108 XX.
345 2043 410 2109 His
437 2044 592 2111 addidere
620 2067 797 2132 mangones
823 2065 921 2129 quam
955 2045 1160 2132 daphnoiden
1185 2052 1359 2121 vocantes

187 2146 444 2231 cognominatam
470 2146 707 2226 isocinnamon,
735 2146 937 2233 pretiumque
966 2146 997 2211 ei
1027 2146 1152 2215 laciunt
1175 2144 1214 2209 X
1239 2165 1309 2209 ccc.

186 2246 400 2314 Adulteratur
421 2259 547 2334 styrace
569 2259 603 2315 et
629 2257 762 2336 propter
789 2247 1032 2314 similitudinem
1058 2247 1212 2316 corticum
1236 2246 1310 2313 lau-

185 2370 242 2415 rus
262 2349 459 2415 tenuissimis
481 2351 626 2417 surculis.
649 2349 740 2431 Quin
762 2361 796 2415 et
815 2350 850 2415 in
870 2359 981 2416 nostro
1008 2350 1086 2416 orbe
1113 2348 1230 2416 seritur
1250 2370 1310 2414 ex·

185 2459 350 2534 tremoque
376 2451 411 2514 in
436 2452 580 2538 margine
607 2452 728 2538 inperi,
761 2474 827 2536 qua
855 2450 991 2517 Rhenus
1011 2451 1136 2530 adluit,
1167 2450 1248 2517 vivit
1274 2449 1310 2515 in

186 2550 334 2616 alveariis
355 2552 465 2637 apium
486 2564 564 2618 sata.
600 2550 699 2619 Color
719 2552 810 2619 abest
831 2552 885 2618 ille
907 2553 1048 2619 torridus
1069 2554 1136 2619 sole
1158 2564 1191 2620 et
1211 2551 1253 2618 ob
1273 2551 1310 2617 id

186 2650 283 2717 simul
302 2651 388 2717 idem
409 2653 497 2719 odor.

209 2753 280 2817 cl.
303 2751 358 2817 Ex
379 2754 517 2820 confinio
537 2755 643 2821 casiae
665 2755 866 2840 mnnamique
889 2766 921 2821 ct
935 2775 1123 2822 cancamum
1143 2778 1182 2822 ae
1202 2765 1307 2820 tarum

183 2852 362 2934 invehitur,
393 2855 451 2922 sed
471 2878 531 2942 per
552 2853 735 2942 Nabataeos
756 2857 962 2944 Trogodytas
988 2857 1045 2941 qui
1070 2857 1236 2925 considere
1265 2878 1307 2922 ex

184 2952 368 3022 Nabataeis.

170 3224 174 3231 Ι
216 3165 311 3228 conteri,
323 3184 342 3218 r.
360 3167 440 3230 atteri,
451 3168 540 3219 Dalec.
553 3210 585 3220 ..
605 3168 758 3230 cinnamomo,
770 3169 844 3219 codd.
857 3168 923 3219 Bud.
936 3170 968 3220 de
979 3183 1034 3221 esse
1047 3184 1073 3234 p.
1086 3175 1145 3221 ala
1162 3208 1194 3220 ..
1213 3166 1308 3229 labare,

183 3224 283 3284 OTKc
295 3231 382 3296 (codd.
393 3238 459 3287 Bud.
472 3240 504 3288 de
516 3234 592 3301 asse.)
611 3234 701 3297 lavore,
713 3253 736 3287 a
755 3235 840 3299 levare,
849 3252 870 3287 r.
889 3235 972 3299 Ζευανί,
980 3233 1032 3304 βγ.
1050 3238 1085 3288 V.
1097 3240 1112 3302 5
1125 3243 1165 3288 92.
1177 3275 1210 3286 ..
1222 3243 1246 3283 et
1256 3235 1306 3283 eri-

181 3299 270 3361 nanr'ri,
283 3317 333 3352 om.
345 3319 365 3352 r.
384 3343 416 3352 ..
434 3303 532 3368 frutici,
548 3297 618 3354 (lad.
636 3302 746 3367 frutico,
757 3299 787 3365 β.
800 3344 832 3354 ..
850 3303 920 3366 ector,
933 3306 977 3356 ad.
995 3303 1066 3366 color,
1076 3318 1103 3369 γ.
1120 3343 1153 3355 ,.
1172 3299 1262 3361 dende,
1273 3297 1304 3361 β.

185 3404 217 3416 ...
235 3369 341 3431 rufescit,
356 3363 407 3419 Od.
425 3370 534 3432 rubescit,
545 3366 616 3435 αβγ.

215 3431 231 3494 5
244 3440 284 3485 96.
306 3433 442 3499 Goneoeont,
454 3439 498 3487 ad.
516 3454 567 3486 cum
578 3446 667 3502 secant,
680 3440 711 3488 Τ.
733 3438 793 3490 Tum
805 3447 892 3501 cecant,
904 3439 937 3490 K.
956 3480 988 3492 ..
1006 3437 1137 3505 debilem,
1149 3437 1222 3487 Tad.
1240 3434 1305 3484 cubi-

182 3497 305 3563 mrumst.
321 3504 357 3553 =V.
370 3504 666 3570 Theophrbistplant.
679 3507 727 3558 IX.
741 3513 800 3569 5,a.
827 3547 860 3558 ...
886 3508 978 3571 atad.
1004 3502 1142 3571 utiiqssr.
1160 3545 1192 3555 ..
1210 3503 1306 3566 cortice,

179 3568 246 3619 Ka².
265 3609 297 3620 ..
317 3577 397 3632 taum,
409 3573 468 3621 a¹d.
487 3579 566 3634 tutem,
578 3575 615 3623 a².
634 3581 690 3634 tuto,
701 3575 735 3625 K.

214 3634 229 3698 ᾖ
242 3641 283 3689 97.
299 3645 423 3703 gustuque,
435 3639 515 3692 STd.
530 3649 637 3706 partuve,
650 3637 698 3702 ass.
717 3683 750 3693 ..
764 3643 845 3707 potine
857 3642 1149 3706 quaecunquae.
1163 3638 1245 3705 polim
1253 3655 1305 3703 Μ

179 3706 224 3755 ad.
243 3747 275 3755 ..
294 3713 402 3770 tempore,
414 3724 434 3757 r.
453 3746 485 3757 ..
501 3718 631 3773 purpurae,
647 3705 762 3761 &Tadu
778 3727 905 3774 purpureo,
917 3705 946 3773 β.
965 3751 997 3760 ..
1016 3707 1107 3771 ludam,
1122 3701 1151 3760 θ.
1170 3705 1256 3769 lodan,
1272 3706 1304 3757 Τ.

180 3765 300 3840 lodonsssf,
313 3778 337 3826 d.
356 3773 458 3836 laedam,
470 3777 502 3826 Κ.
521 3775 629 3838 madunt,
641 3794 664 3828 a.
683 3776 779 3836 luctam,
790 3773 840 3842 βγ.
858 3777 927 3843 ecby,
938 3779 1029 3829 Dalec.
1041 3792 1075 3828 cx
1088 3777 1208 3828 Dioscor.
1223 3781 1249 3836 1,
1263 3780 1304 3824 12.

181 3879 212 3889 ..
231 3840 428 3892 babomodesabo
440 3842 518 3906 odore,
530 3861 553 3895 a.
572 3843 738 3905 balaamoides,
749 3845 783 3896 K.
803 3884 835 3896 ..
857 3845 955 3909 Optimi,
967 3848 1011 3896 ad.

213 3909 281 3969 598.
299 3925 434 3977 mangones,
446 3913 470 3962 d.
493 3911 623 3977 mangonis,
636 3913 663 3965 S.
686 3913 826 3978 mangonicis,
842 3905 870 3962 θ.
892 3910 1067 3978 manporr'r'm.
1091 3953 1123 3964 ...
1146 3905 1304 3976 duploide,

179 3988 202 4022 a·
220 3971 372 4039 duplonidie
385 3981 402 4028 d
413 3975 499 4040 (codd.
513 3980 621 4032 Salmas.
634 3995 716 4032 exerc.
729 3996 753 4045 p.
772 3987 829 4032 286.
848 3996 871 4031 a.
888 3978 936 4043 A.)
958 3978 1101 4044 daphnidis,
1118 3973 1140 4029 θ
1156 3977 1212 4043 (alii
1229 3976 1303 4027 codd.

178 4040 300 4106 Salmas.)
326 4043 464 4110 daphnim,
484 4046 591 4100 Salmas.
610 4088 643 4098 -
665 4048 852 4111 cognominatam
868 4048 1048 4109 necennamon,
1066 4049 1113 4097 ad.
1144 4043 1305 4096 nonanomon

178 4122 290 4172 “idm-2
302 4107 354 4175 fir·
371 4128 555 4179 mesocynumon
567 4118 641 4166 codd.
653 4116 767 4167 Barbari.
786 4156 819 4166 ..
836 4115 866 4178 ei,
881 4109 980 4166 orac
998 4113 1055 4175 ciue,
1066 4110 1097 4176 β.
1116 4154 1149 4165 -
1158 4112 1267 4178 sonent,
1279 4126 1303 4161 a.

179 4215 211 4226 ..
230 4175 349 4240 mrttcun
361 4182 385 4231 d.
404 4181 520 4244 commen,
532 4197 556 4233 a.
575 4183 712 4244 coronali.
731 4222 763 4233 ..
782 4182 872 4244 meno,
888 4174 989 4233 Orac.
1008 4180 1080 4243 laun,
1091 4177 1122 4243 β.
1134 4218 1167 4232 ...
1187 4177 1304 4230 tmebn'·

177 4243 235 4307 nri,
252 4262 272 4295 r.
299 4286 330 4296 ..
357 4247 465 4312 morqino
482 4248 578 4314 imperii
592 4265 653 4314 qno,
671 4252 695 4300 d.
721 4251 829 4315 margine
846 4247 1003 4314 (marginem,
1018 4248 1059 4313 a')
1073 4263 1121 4314 per
1137 4246 1165 4298 id
1187 4263 1265 4311 quae,
1279 4262 1303 4296 a.
