2896 4800
410 287 481 335 um.
497 287 576 335 xm.
605 284 683 333 aar.
700 285 737 332 11.
753 284 804 333 111.
828 281 926 333 seon.
941 284 1006 329 3-5.
1201 265 1265 332 373

143 443 194 532 gis
216 452 324 508 tamen
343 441 433 506 iuvat
453 438 612 523 quaedam
632 437 736 524 ipsius
755 436 824 502 vitii
839 435 1003 503 severitas.
1026 432 1094 503 Sed
1108 433 1265 521 quosdam

144 541 323 625 crassitudo
336 561 486 606 maxume
501 538 652 618 delectat,
674 538 815 625 spissum
827 537 1032 624 appellantis,
1052 537 1175 622 linique
1188 537 1266 616 iam,

143 666 208 711 non
229 643 332 710 solum
353 640 505 729 perfundi
526 640 701 728 unguentis
722 639 875 728 gaudent.
910 638 1062 707 Vidimus
1089 639 1186 706 etiam
1206 657 1310 706 ve-as

146 745 243 834 stigia
269 744 389 832 pedum
418 741 532 831 tingui,
563 742 649 828 quod
671 751 868 808 monstrasse
888 739 939 808 M.
961 739 1124 808 Othonem
1143 737 1267 805 Neroni

145 847 281 933 principi
305 844 467 923 ferebant,
504 866 626 929 quaeso
654 853 691 909 ut
717 843 854 929 qualiter
880 843 1054 911 sentiretur
1079 843 1268 927 iuvaretque

144 948 187 1016 ab
208 970 247 1014 ea
267 957 361 1033 parte
383 944 549 1032 eorporis?
570 944 726 1011 Necnon
746 945 888 1030 aliquem
909 967 950 1012 ex
969 945 1104 1034 privatis
1118 943 1267 1011 audimus

144 1048 279 1115 iussisse
306 1047 417 1136 spargi
443 1046 585 1133 parietes
612 1047 802 1113 balnearum
827 1056 993 1135 unguento
1020 1056 1118 1131 atque
1147 1043 1268 1112 Gaium

144 1150 326 1237 principem
354 1148 434 1215 solia
467 1149 638 1234 temperari
672 1169 730 1227 aa,
762 1169 805 1214 ne
830 1147 1009 1235 principale
1033 1147 1182 1215 videatur
1206 1147 1269 1214 hoo

145 1251 276 1332 bonum,
299 1261 333 1318 et
352 1261 468 1338 postea
487 1250 650 1335 quendam
671 1271 713 1316 ex
734 1249 837 1316 servis
858 1247 1007 1316 Neronis.
1038 1247 1196 1316 Maxume
1217 1259 1267 1316 ta-
1281 1264 1314 1311 ss

145 1376 220 1420 men
240 1353 357 1418 mirum
378 1363 428 1420 est
448 1353 531 1420 hanc
549 1352 687 1439 gratiam
706 1361 894 1438 penetrasse
915 1350 1003 1419 etin
1024 1362 1146 1432 castra3
1176 1351 1268 1437 aqui·

146 1455 198 1521 lae
220 1464 306 1520 certe
327 1476 367 1521 aa
395 1453 499 1542 signa,
527 1453 751 1542 pulverulenta
775 1453 831 1519 illa
856 1462 889 1518 et
916 1452 1103 1538 cuspidibus
1128 1452 1269 1532 horrida,

146 1566 313 1643 unguntur
332 1555 425 1621 festis
447 1555 572 1635 diebus,
593 1556 779 1640 utinamque
806 1555 914 1622 dicere
934 1564 1078 1644 possent,
1105 1554 1180 1641 quis
1200 1554 1269 1643 pri-

146 1680 219 1724 mus
245 1657 448 1724 instituisset
483 1656 536 1723 Ita
563 1668 627 1736 est,
655 1657 807 1724 nimirum
831 1658 894 1725 hac
918 1658 1067 1726 mercede
1092 1670 1270 1748 corruptae
1318 1734 1324 1744 ὓ

147 1758 260 1826 orbem
282 1770 441 1826 terrarum
462 1758 612 1826 devicere
633 1759 779 1843 aquilae3
801 1759 865 1825 ista
885 1759 1066 1846 patrocinia
1085 1760 1271 1847 quaerimus

148 1861 245 1940 vitiis,
266 1871 305 1927 ut
325 1882 385 1946 per
405 1859 469 1926 hoe
488 1860 540 1926 ius
562 1860 623 1926 sub
645 1859 770 1925 casside
789 1869 957 1946 unguenta
977 1870 1155 1926 sumantur.

89 2009 91 2012 ι
190 1961 221 2051 5τ
254 1959 394 2041 Quando
415 1959 450 2025 id
471 1960 613 2046 primum
635 1960 677 2025 ad
697 1959 861 2026 Romanos
882 1961 1110 2046 penetraverit,
1131 1983 1198 2028 non
1218 1961 1270 2029 la·
1283 1977 1317 2022 ss

149 2060 209 2126 cile
243 2059 396 2137 dixerim3
431 2071 555 2126 eertum
581 2071 630 2128 est
656 2060 818 2127 Antiocho
844 2083 925 2149 rege
950 2056 1096 2148 Asiaque
1122 2062 1270 2144 devictis,

150 2160 241 2227 urbis
262 2185 346 2227 anno
367 2183 480 2241 nnxv,
501 2160 541 2228 P.
555 2161 721 2228 Licinium
735 2160 893 2229 Crassum
905 2162 947 2230 L.
962 2162 1081 2230 Iulium
1097 2161 1273 2233 Caesarem

149 2283 298 2328 censores
327 2262 468 2329 affixisse
498 2285 540 2329 ne
569 2263 642 2348 quis
670 2263 823 2331 venderet
854 2274 1021 2352 unguenta
1052 2267 1193 2333 erotica:
1227 2267 1273 2333 sic

149 2365 235 2432 enim
257 2365 469 2451 appellavere.
495 2364 544 2431 At
563 2364 733 2444 Heroides,
762 2365 828 2431 iam
848 2366 980 2451 quidam
1002 2368 1099 2434 etiam
1118 2366 1154 2434 in
1175 2378 1271 2455 potus
1284 2381 1315 2428 2⁵

150 2466 290 2548 addunt,
318 2467 463 2554 antique
489 2478 540 2534 est
567 2466 745 2535 amaritudo
770 2478 809 2534 ut
834 2467 934 2537 odore
959 2469 1097 2560 prodigo
1121 2468 1272 2537 fruantur

150 2639 221 2705 Gal.)
238 2641 344 2707 teipsum,
357 2639 427 2695 aaa.
448 2642 557 2708 seipsum,
568 2644 664 2710 Rigalt
676 2659 719 2710 ap.
730 2641 840 2697 Salmas.
852 2659 934 2696 exera
945 2660 971 2711 p.
984 2651 1043 2699 330.
1054 2646 1079 2697 b.
1088 2645 1120 2698 B.
1142 2641 1171 2694 id
1185 2643 1270 2709 ipsum,

149 2725 163 2760 r
178 2707 236 2773 (alii
251 2713 326 2762 codd.
344 2709 465 2774 Salmas.)
492 2711 593 2779 stppsia,
610 2713 719 2765 Salmas.
738 2753 771 2764 ...
793 2711 946 2777 appellastis,
960 2712 993 2765 R.
1022 2711 1179 2778 appellantes,
1196 2706 1270 2776 αβγ.

148 2777 280 2842 appellarat,
292 2782 317 2830 d.
339 2781 506 2844 approbantes,
517 2798 537 2832 r.
561 2822 592 2831 -
616 2778 712 2845 linique,
723 2773 817 2831 Rosa
828 2778 930 2844 (vetera
942 2783 999 2833 eod.
1010 2783 1083 2834 Laid.
1097 2797 1138 2845 ap.
1151 2781 1270 2833 Oudend.

148 2848 182 2896 ad
194 2846 263 2897 Suet.
276 2848 336 2899 Oth.
350 2845 403 2910 12.)
422 2846 540 2912 linirique,
552 2848 596 2901 Sr.
614 2889 647 2899 ...
664 2848 714 2898 iam
724 2847 801 2898 solum
811 2847 856 2898 sed
866 2856 897 2912 st,
908 2865 929 2900 r.
947 2889 980 2900 ..
997 2849 1130 2915 unquentis,
1141 2865 1192 2900 om.
1203 2848 1236 2899 R.

183 2931 252 2993 §22
277 2937 420 2980 monstrasse
435 2931 474 2982 M.
493 2931 613 2994 Orionem,
629 2933 662 2984 R.
687 2938 830 2980 monstrasse
846 2947 876 2983 m.
893 2932 1072 2996 cilionemad.
1098 2932 1137 2985 M.
1157 2931 1271 2985 Othonem

149 3004 300 3059 memorasse,
311 2993 362 3060 pir.
384 3039 417 3047 -
442 3005 469 3046 at
480 2996 590 3063 qualiter,
601 3014 626 3048 v.
638 2999 751 3050 Gronov.
763 3001 796 3049 ad
806 2999 862 3048 Liv.
874 3006 916 3063 40,
929 3007 969 3051 13.
981 3009 1007 3051 st
1017 3000 1132 3052 Lobeck.
1145 3003 1178 3051 ad
1189 3001 1270 3065 Soph.

149 3061 223 3113 Aias.
237 3067 277 3114 77.
289 3067 328 3114 ed.
341 3071 365 3114 2.
386 3072 414 3113 ut
424 3065 549 3114 sentiretur
560 3064 664 3129 qualiter
674 3064 768 3115 iuvaret
777 3066 816 3126 ab,
828 3067 897 3118 Pint.
914 3107 947 3117 ...
970 3067 1115 3132 iuvaretque,
1126 3067 1180 3118 Rd.
1201 3067 1269 3116 iaaa-

151 3136 194 3192 ret,
210 3123 289 3182 aaa.
308 3171 340 3180 ..
358 3132 398 3194 ab,
411 3146 462 3182 om.
478 3126 507 3183 θ.
524 3173 557 3182 ..
575 3130 654 3194 aliter,
665 3133 697 3182 It
716 3173 748 3182 ..
765 3139 796 3193 et,
807 3133 882 3184 Rad.
899 3173 932 3184 -
949 3131 1111 3194 audimus,R
1128 3132 1271 3196 audiuimus

150 3193 243 3263 adssr.
262 3239 295 3250 ...
312 3197 404 3263 iussere,
415 3201 447 3252 R.
466 3240 499 3251 ...
516 3197 662 3261 talearum,
673 3202 718 3251 ad.
736 3198 891 3262 balinearum,
902 3196 953 3266 βγ.
970 3241 1004 3253 -
1020 3200 1143 3265 solium-r.
1227 3226 1230 3233 ·

184 3286 254 3347 §sti
271 3291 332 3332 certe
343 3283 461 3349 assiqua,
473 3286 506 3335 R.
523 3292 586 3334 certe
596 3301 626 3334 ea
637 3283 720 3350 dr'qaa,
732 3286 757 3336 d.
775 3290 841 3334 certa
851 3300 881 3334 ea
893 3282 974 3350 dipsa,
986 3301 1010 3337 s.
1028 3326 1060 3337 -
1078 3301 1115 3348 ss,
1128 3302 1168 3337 ar.
1180 3325 1213 3337 ..
1230 3301 1271 3336 eu·

150 3349 264 3417 apidibus,
276 3352 309 3402 R.
327 3349 468 3430 emradius,
482 3347 743 3433 OTadmcustodir‘s,
754 3349 784 3415 β.
801 3354 836 3405 V.
847 3353 1004 3433 Saea'ans.
1016 3360 1058 3405 ⁶2.
1066 3353 1270 3434 ipiqueucasaub.

150 3419 391 3548 ῖΪἭέΪΞΒΪ
400 3427 548 3550 {ltili
558 3417 1271 3558 lalltlltlltretll‘lllrtllltttltl:

150 3551 215 3612 Hoc,
227 3567 248 3602 r.
266 3593 298 3602 ..
316 3554 392 3601 orbem
405 3562 529 3616 lemarum,
540 3558 615 3606 Rad.
634 3564 691 3607 terr.
703 3557 789 3618 mirem,
800 3551 853 3621 βγ.
870 3597 903 3608 ..
921 3556 959 3606 ius
969 3558 1021 3619 sud,
1033 3559 1070 3610 ita
1081 3558 1226 3623 scripsimus
1238 3570 1272 3607 ex

150 3619 263 3682 vestigiis
274 3618 308 3680 R,
324 3620 368 3683 qni
378 3621 458 3671 habet
468 3637 509 3670 sas
520 3637 556 3683 su,
568 3631 595 3672 et
605 3637 639 3673 ex
650 3625 706 3686 ipss
716 3623 821 3686 vulgata
831 3617 882 3688 βγ,
900 3637 966 3688 quas
978 3627 1071 3687 pariter
1082 3624 1120 3674 ius
1130 3625 1174 3674 sud
1185 3624 1271 3685 habet,

151 3687 196 3738 sed
212 3687 256 3748 ita,
271 3693 301 3736 ut
316 3701 369 3736 vox
378 3695 503 3736 sumantur
518 3689 618 3751 utrique
632 3691 692 3741 voci
707 3691 792 3740 media
806 3690 939 3752 inseratur,
956 3706 1021 3754 quas
1037 3707 1105 3744 nuuc
1116 3707 1151 3744 ex
1162 3691 1271 3755 auetori-

151 3760 203 3806 tate
214 3754 240 3806 u
251 3761 365 3804 extrema
375 3753 451 3804 huius
462 3755 559 3818 periodi
570 3756 673 3820 legitur.
691 3756 724 3807 In
735 3757 802 3807 Tad
812 3756 856 3806 sud
867 3757 999 3809 omittitur.

186 3835 200 3898 §
213 3844 254 3888 24.
271 3837 357 3889 DLX
361 3836 399 3900 V.,
410 3840 456 3888 ad.
474 3836 526 3889 DL
533 3836 585 3900 VJ,
594 3841 627 3891 R.
644 3836 794 3902 DOLXV,
806 3840 914 3893 Salmas.
927 3856 1011 3895 exerc.
1020 3859 1047 3909 p.
1060 3851 1118 3896 sos.
1130 3860 1154 3896 a.
1167 3844 1199 3896 G.
1211 3860 1271 3911 pro·

151 3907 229 3957 bsnte
245 3905 324 3957 Clint.
340 3905 409 3970 lasti.
425 3905 496 3956 Hell.
509 3905 563 3956 111.
578 3922 604 3971 p.
621 3913 679 3960 453.
701 3908 740 3959 At
750 3924 775 3959 v.
790 3909 899 3963 Becker.
912 3918 975 3963 sntt.
987 3913 1065 3965 Rom.
1077 3913 1113 3965 11.
1124 3920 1149 3976 2,
1162 3920 1220 3966 229.
1238 3955 1270 3968 ..

151 3971 270 4036 licinum,
282 3989 306 4025 s.
325 4015 357 4025 ..
377 3973 412 4035 a,
423 3974 455 4024 R.
474 4014 506 4024 ..
524 3989 640 4024 cmsarem
651 3991 677 4026 se
688 3973 784 4039 damae,
797 3979 842 4028 sd.

186 4059 201 4119 ξ
214 4063 254 4107 25.
276 4057 399 4122 Hercula,
411 4061 478 4111 Itsd
490 4056 573 4121 (Laid.
585 4076 623 4125 pr.
635 4063 771 4127 pluresque
783 4064 857 4114 codd.
869 4079 910 4129 ap.
924 4064 1038 4117 Oudend.
1055 4069 1089 4117 ad
1100 4067 1198 4133 Appnl.
1210 4077 1271 4121 met

151 4139 176 4188 p.
192 4122 261 4187 loo.)
279 4125 389 4189 Hercule,
401 4123 430 4190 β.
448 4169 480 4178 ..
499 4126 556 4190 iam,
568 4145 619 4180 om.
631 4130 663 4180 R.
681 4171 713 4182 ..
728 4137 795 4195 pala,
806 4147 826 4182 r.
844 4173 876 4182 -
896 4140 1016 4198 tantaque,
1028 4151 1048 4186 r.
1071 4151 1114 4185 nec
1125 4143 1193 4187 tanta
1203 4152 1272 4186 ama-

153 4190 232 4312 maaria
243 4189 342 4325 qqltqrprp
351 4201 392 4258 est,
405 4203 431 4244 ut
439 4193 539 4261 prediqi
549 4213 594 4247 aaa
598 4198 718 4262 fruantur
729 4206 836 4267 utraque,
847 4200 937 4253 Delon.
951 4243 981 4253 ..
994 4211 1029 4254 est
1040 4202 1183 4268 amaritudo,
1194 4204 1271 4256 llud.
