2896 4800
437 268 508 316 nm.
525 268 599 315 xrv.
628 266 707 314 oar.
722 264 772 312 rv.
796 263 929 312 anons.
1184 249 1248 314 419

129 421 265 508 adeptus
291 428 344 484 est
365 418 499 505 gloriam
520 416 649 483 Acilius
671 416 845 484 Sthenelus
874 439 893 483 e
918 416 1014 503 plebe
1040 416 1191 484 libertina
1207 440 1249 484 nx

128 522 277 610 iugerum
296 542 361 586 non
382 519 519 606 amplius
539 518 644 584 vineis
666 520 804 586 excultis
824 518 860 584 in
872 517 1075 585 Nomentano
1096 542 1176 608 agro
1198 531 1248 586 at-

128 646 191 708 que
212 643 291 688 cecc
312 642 339 686 u
358 642 525 686 nummum
545 619 758 686 venumdatis.
790 617 914 708 Magna
934 619 1022 686 foma
1043 629 1076 685 et
1089 618 1249 688 Vetuleno
1262 639 1294 683 se

127 725 265 810 Aegialo
286 721 421 810 perinde
441 721 590 788 libertino
611 721 675 787 suit
694 720 728 786 in
751 719 948 809 Campaniae
974 743 1049 788 rure
1069 721 1249 802 Liternino,

127 826 290 910 maiorque
319 824 414 891 etiam
441 824 553 890 favore
578 822 759 902 hominum,
788 823 940 908 quoniam
966 823 1075 908 ipsum
1102 816 1250 891 Africani

128 925 269 992 colebat-
288 925 453 1004 exsilium,
489 924 548 991 sed
580 947 732 992 maxuma
738 972 748 1004 ,
785 925 932 993 eiusdem
963 922 1107 991 Stheneli
1139 946 1248 1012 opera,
1313 974 1316 979 ψ

127 1027 296 1094 Rhemmio
311 1026 509 1105 Palaemoni,
531 1026 610 1092 alias
631 1026 843 1114 grammatica
863 1037 933 1092 arte
955 1026 1084 1106 celebri,
1106 1026 1141 1093 in
1162 1026 1250 1093 hisce

127 1152 175 1194 xx
196 1129 288 1195 annis
314 1139 455 1195 mercato
475 1151 533 1193 rus
558 1149 600 1193 no
622 1151 647 1193 u
667 1151 834 1195 nummum
853 1129 888 1195 in
911 1127 1025 1195 eodem
1046 1127 1249 1195 Nomentano

127 1230 255 1297 decumi
275 1230 393 1317 lapidis
415 1229 457 1296 ab
478 1230 559 1296 urbe
580 1229 785 1297 deverticulo.
807 1229 871 1297 Est
890 1240 995 1297 autem
1017 1245 1297 1316 usquequaquam

127 1343 205 1399 nota
225 1331 332 1398 vilitas
353 1332 469 1399 merois
490 1353 550 1419 per
571 1331 678 1399 omnia
699 1331 899 1412 suburbana,
927 1330 974 1399 ibi
1001 1343 1110 1398 tamen
1135 1355 1249 1398 maxu-

127 1456 191 1513 ma,
220 1434 370 1519 quoniam
390 1443 430 1505 ‚et
450 1433 599 1522 neglecta
625 1432 827 1520 indiligentia
847 1432 982 1520 praedia
1001 1445 1183 1520 paraverat,
1211 1448 1251 1502 ad

128 1556 171 1600 ne
191 1535 226 1600 in
246 1534 407 1622 pessumis
429 1534 559 1619 quidem
582 1534 786 1623 elegantioris
805 1533 874 1601 soli.
895 1534 988 1601 Haeo
1002 1535 1176 1624 adgressus
1191 1558 1250 1602 ex·

129 1635 235 1702 colere
255 1659 321 1701 non
341 1636 458 1703 virtute
478 1636 576 1702 animi
599 1636 657 1702 sed
677 1636 820 1703 vanitate
840 1636 955 1724 primo,
977 1659 1060 1722 quae
1081 1648 1157 1704 nota
1169 1637 1251 1704 mire

127 1734 163 1800 in
182 1736 238 1803 illo
259 1737 332 1816 fuit,
361 1738 530 1824 pastinatis
552 1737 593 1802 de
613 1737 739 1826 integro
760 1737 864 1805 vineis
891 1761 969 1805 cura
990 1735 1146 1817 Stheneli,
1172 1739 1251 1805 dum

127 1838 301 1927 agricolam
319 1839 474 1917 imitatur,
495 1838 538 1904 ad
558 1838 614 1903 rix
635 1838 789 1906 credibile
810 1840 999 1907 miraculum
1013 1840 1175 1926 perduxit,
1197 1839 1250 1904 ine

128 1949 178 2005 tra
204 1948 351 2005 oetavom
375 1961 496 2004 annum
517 1958 596 2002 coeo
616 1960 641 2002 u
661 1958 828 2005 nummum
855 1939 992 2026 emptori
1018 1939 1147 2006 addicta
1166 1963 1249 2026 pen-

129 2041 226 2107 dente
246 2039 417 2105 vindemia.
452 2038 668 2125 Cucurritque
689 2062 785 2107 nemo
806 2063 871 2106 non
891 2041 935 2108 ad
956 2041 1148 2128 spectandas
1168 2065 1249 2109 uva·
1262 2058 1291 2103 ει

128 2215 210 2278 pretio
226 2214 287 2265 satis
298 2214 409 2273 modico,
426 2213 497 2279 quod
513 2213 572 2263 vina
583 2213 610 2262 in
623 2213 740 2264 omnibus
752 2214 901 2264 suburbanis
912 2208 983 2279 parvi
994 2214 1115 2276 venirent,
1131 2207 1176 2264 illa
1187 2229 1248 2265 vero

128 2282 232 2345 praedia
246 2281 408 2345 potissimum
422 2295 469 2345 per
479 2281 666 2344 indiligentiam
677 2281 770 2345 prioris
779 2282 930 2345 possessoris
941 2283 1058 2346 neglecta
1068 2282 1182 2333 brissent.
1199 2283 1249 2333 His

128 2349 181 2400 iam
196 2349 289 2412 adiicit,
313 2351 383 2412 qnod
398 2349 550 2399 miraculum
566 2356 705 2413 proventus
721 2364 784 2399 mox
799 2356 914 2400 secutum
931 2357 1031 2413 augeat,
1050 2365 1081 2401 ea
1095 2350 1199 2414 praedia
1215 2364 1251 2399 ns

128 2417 156 2465 in
171 2417 286 2480 pessimis
303 2413 406 2482 quidem
420 2417 534 2481 partibus
549 2416 712 2480 elegantioris
728 2414 777 2467 soli
789 2416 838 2467 sita
848 2416 934 2468 inisse.
955 2419 1017 2469 Duo
1030 2418 1073 2468 hic
1084 2419 1197 2468 animum
1209 2418 1247 2469 lea

128 2484 205 2534 etoris
222 2483 362 2546 offendunt,
383 2499 471 2546 unum,
493 2485 562 2548 quod
581 2485 648 2534 illud
663 2485 755 2546 solum,
776 2486 846 2549 quod
861 2498 921 2536 eum
935 2486 1119 2550 reprehendere
1135 2491 1248 2549 apparet,

129 2553 232 2616 elegans
244 2554 317 2616 dicit3
333 2553 452 2615 alterum,
469 2554 539 2616 quod
549 2553 615 2603 illud
625 2568 668 2604 rus
679 2567 712 2603 ne
722 2555 756 2605 ad
766 2554 890 2618 pessimas
901 2554 1002 2619 quidem
1015 2562 1099 2619 partes
1110 2553 1187 2604 huius
1197 2550 1249 2605 soli
1334 2578 1336 2585 v

129 2621 289 2685 elegantioris
297 2622 447 2686 pertinuisse
456 2620 525 2682 dicit,
536 2620 748 2685 vituperationem
760 2622 845 2684 igitur,
856 2637 934 2686 quam
945 2623 1025 2672 modo
1034 2622 1139 2683 dixerat,
1149 2622 1187 2671 ita
1196 2620 1248 2672 tole

128 2688 166 2750 lit,
182 2696 212 2739 ut
225 2689 312 2753 potius
328 2704 448 2754 magnam
462 2690 566 2740 laudem
580 2689 642 2738 huic
652 2689 704 2739 ruri
715 2690 815 2740 uibuat.
832 2689 892 2741 Eoo
902 2705 964 2741 vero
974 2691 1002 2740 in
1009 2698 1095 2741 menta
1104 2689 1183 2741 Plinii
1193 2702 1248 2739 non

128 2756 210 2809 messe
222 2772 280 2808 cum
291 2764 346 2809 tota
357 2758 481 2808 orationis
492 2758 566 2819 ratio,
581 2765 638 2807 tum
647 2759 725 2809 verba
731 2757 802 2807 Haec
812 2772 939 2822 oppressus
949 2756 1053 2809 areolam
1064 2760 1166 2820 docent,
1182 2771 1248 2822 quae

128 2839 248 2888 magnam
264 2839 321 2874 oum
337 2826 384 2875 illa
399 2826 498 2875 cultura
513 2825 626 2874 iunctam
641 2825 816 2875 difficultatem
828 2833 854 2875 et
864 2827 970 2890 proinde
977 2826 1076 2876 'malam
1087 2826 1248 2890 praediorum

129 2893 298 2943 conditionem
314 2891 393 2943 inisse
407 2893 558 2956 significant
580 2891 742 2943 Contrarium
758 2893 845 2956 potius
860 2908 956 2954 eorum,
973 2909 1039 2957 quae
1050 2895 1077 2943 h.
1089 2894 1107 2943 L
1119 2892 1248 2957 leguntur,

129 2959 323 3022 exspectaveris,
338 2960 409 3009 velut
424 2975 454 3006 ae
470 2973 499 3006 ne
514 2959 540 3006 in
554 2957 650 3021 optimis
664 2956 758 3022 quadam
772 2957 896 3009 detmbrss
911 2959 964 3009 soli·
984 2961 1119 3011 Praeterea
1134 2962 1191 3023 ipsa
1201 2960 1248 3010 illa

128 3026 205 3075 verba
219 3025 334 3088 languidi
348 3025 446 3087 aliquid
462 3026 567 3085 habent,
584 3026 658 3088 quasi
671 3027 818 3089 appendicis
829 3027 909 3077 instar
924 3027 1006 3077 verbis
1017 3027 1142 3091 proximis
1153 3034 1247 3085 assuta,

129 3091 220 3155 quibus
231 3091 357 3141 sententia
366 3092 445 3142 Plinii
454 3091 602 3142 absolvitur.
623 3092 680 3142 Iam
691 3093 802 3154 primum
813 3093 916 3153 quidem
926 3107 979 3143 non
991 3090 1088 3154 dubito,
1100 3094 1161 3156 quin
1176 3089 1247 3142 aaa·

127 3156 246 3222 gratioris
260 3159 293 3208 sit
307 3158 451 3221 legendum,
467 3173 526 3207 cnm
536 3160 569 3208 de
580 3154 742 3220 elegantioris
752 3171 785 3208 so
795 3172 881 3220 sensu,
897 3159 942 3222 qui
955 3159 1071 3209 adiectivi
1082 3161 1189 3210 usitatus
1200 3165 1247 3221 est,

129 3225 236 3289 cogitari
249 3240 304 3276 non
318 3226 458 3290 possia'ad
473 3240 530 3276 eam
545 3231 632 3274 autem
646 3224 865 3288 significationem,
883 3240 961 3289 quam
972 3225 1039 3276 Cato
1049 3228 1179 3278 censorius
1191 3227 1247 3278 eliis

129 3293 515 3424 ffiffipmffiepppppimae
525 3292 968 3424 pnnguliltatisepptpiffeppuppplsit
977 3293 1032 3413 sepe
1041 3291 1251 3413 {danpflquodnplp

211 3376 283 3410 usos
451 3374 684 3411 wsmv..e.no
874 3376 1059 3412 ‚emo..
1132 3377 1146 3412 e
1235 3382 1247 3404 ι

129 3441 188 3490 gere
203 3397 277 3490 veiim
298 3398 405 3480 alia’est
420 3429 485 3485 ratio
499 3430 635 3479 verborum
650 3434 691 3489 84,
711 3431 743 3491 7.,
758 3429 803 3480 ubi
817 3396 856 3480 ris
871 3398 969 3482 irbnica
983 3431 1069 3482 statim
1084 3378 1247 3495 parationes

128 3495 319 3556 igituruteerto
328 3498 414 3560 posito
422 3497 560 3559 legendum
568 3511 624 3548 esse
634 3508 738 3549 censent
746 3505 889 3561 paraverat.
906 3496 987 3563 Atque
997 3497 1023 3547 io
1029 3498 1142 3563 pessimis
1153 3496 1246 3563 quidem

128 3558 304 3625 iaabqaationsss
314 3561 361 3611 soli
372 3562 431 3611 boae
441 3561 568 3627 adgressus
583 3561 688 3613 ramlera
701 3566 757 3616 rell.
776 3566 843 3616 Plin.
855 3567 933 3629 igitur
947 3581 981 3617 ex
996 3566 1035 3627 iis,
1052 3581 1117 3629 quae
1128 3580 1205 3631 supra
1215 3567 1248 3616 de

129 3629 275 3678 conditione
284 3644 342 3678 cum
351 3631 465 3680 omnium
476 3630 687 3692 suburbanorum,
696 3638 752 3680 tum
760 3633 824 3682 ruris
833 3633 902 3683 illius
913 3634 1020 3694 dixerat,
1032 3641 1099 3683 recte
1110 3635 1162 3683 iam
1174 3633 1247 3683 colli·

129 3697 169 3760 git
179 3696 225 3746 ills
235 3696 340 3760 praedia
350 3696 377 3746 in
384 3697 502 3761 pessimis
510 3695 597 3756 fuisse,
608 3697 650 3747 cui
661 3699 873 3761 argumentationi
884 3699 1031 3750 efficiendae
1041 3701 1179 3764 praemittit
1188 3716 1247 3765 para

129 3764 234 3816 ticulum
250 3770 322 3827 atqua
338 3763 374 3825 (v.
390 3764 476 3815 Hand.
489 3764 597 3814 Turseli.
611 3770 634 3826 1,
646 3764 705 3815 478.
716 3763 776 3828 sq),
792 3767 868 3829 idque
882 3781 963 3817 unum
978 3769 1125 3827 cavendum,
1141 3782 1174 3818 ns
1190 3769 1248 3831 quis

128 3829 208 3896 Atque
223 3846 282 3882 eum
297 3827 390 3894 quidem
406 3832 556 3895 coniungam
576 3832 643 3882 haec
658 3833 783 3896 particula
797 3834 883 3897 potius
898 3835 974 3885 unies
988 3835 1143 3885 intendendo
1160 3848 1248 3900 supera

128 3902 208 3951 lativo
221 3898 331 3964 persiam
345 3899 455 3949 inservit.
479 3938 511 3948 ..
537 3914 583 3948 aaa
599 3898 753 3949 vermis-iu
768 3898 810 3949 illo
817 3899 872 3964 fait
887 3917 938 3952 om.
954 3898 1022 3952 Pint.
1050 3942 1079 3953 ..
1108 3910 1165 3951 autc
1180 3903 1247 3967 mire,

129 3968 213 4019 Rhsn.
231 3971 256 4019 d.
277 3966 403 4028 armoriae,
414 3984 430 4018 a
441 3963 583 4032 (Mnrbac.)
604 3965 758 4029 comminare,
770 3983 792 4018 c.
811 4008 844 4019 -
856 3967 997 4032 sustinctis,
1009 3982 1044 4019 ac
1055 3967 1196 4034 (Murbso.)
1214 4012 1247 4022 ..

130 4049 189 4082 caro
209 4033 329 4086 Sthenelei
348 4032 480 4100 agricolam
499 4032 617 4096 inuata,
632 4035 663 4087 T.
693 4050 753 4085 curo
773 4034 826 4086 Sti.
842 4034 964 4100 agrimhae
976 4036 1102 4101 mutatus,
1118 4038 1186 4090 Pint.
1214 4080 1246 4090 .-

132 4097 219 4150 0000
227 4101 265 4163 Μ,
276 4103 348 4154 Brot.
369 4099 460 4165 0000,
472 4104 529 4154 aod
540 4099 680 4165 (Murbac.)
691 4097 720 4164 β.
741 4094 832 4166 0000,
843 4104 922 4156 Hard.

163 4166 328 4297 mistim
347 4185 406 4234 aon,
425 4171 540 4225 Gronov.
560 4171 665 4223 miscell.
685 4185 710 4234 p.
728 4177 786 4223 848.
815 4187 861 4221 aaa
881 4187 956 4235 neme,
977 4189 1011 4224 ac
1030 4169 1173 4239 (Murbae.)
1200 4191 1247 4225 noa

130 4251 203 4297 nemo,
257 4272 264 4284 .

1027 4308 1044 4342 ἢ
