2896 4800
448 318 518 364 nra.
534 317 582 364 tx.
612 315 690 364 cer.
707 317 768 364 xv.
800 315 897 363 sacr.
914 317 1002 362 n-ao.
1221 300 1282 366 ltt

160 471 274 539 diebus
295 471 505 559 intellegitur.
529 466 614 534 Cum
635 468 766 556 thynnis
788 469 868 535 haec
889 477 922 534 et
935 467 1121 553 pelamydes
1141 468 1176 533 in
1198 490 1281 556 pon.

160 585 228 638 tum
254 573 296 640 ad
324 572 467 638 dulciora
487 570 608 657 pabula
633 571 754 635 intrant
780 568 940 659 gregatim
962 568 1029 634 suis
1051 590 1197 654 quaeque
1219 570 1281 636 du·

160 675 263 755 cibus,
280 684 319 741 et
339 674 436 760 primi
458 671 600 738 omnium
622 671 759 737 scombri
781 670 900 755 quibus
922 678 972 735 est
992 669 1027 733 in
1041 689 1126 754 aqua
1146 670 1280 757 sulphu-

158 799 233 843 reus
254 775 351 854 color,
382 784 474 840 extra
500 772 556 858 qui
577 773 702 838 ceteris.
734 771 913 858 Hispaniae
939 770 1075 836 cetarias
1102 769 1136 834 hi
1156 771 1282 857 replent

159 877 290 962 thynnis
311 897 377 940 non
398 873 651 939 conmeantibus.

202 979 254 1041 20.
289 973 358 1041 Sed
382 976 417 1040 in
443 984 580 1061 pontum
607 973 695 1040 nulla
722 973 821 1039 intrat
846 972 951 1038 bestia
971 971 1117 1058 piscibus
1136 972 1328 1042 maleficam

158 1085 286 1164 praeter
316 1075 436 1141 vitulos
455 1085 501 1142 vet
527 1097 646 1162 parvos
676 1073 854 1160 delphinos.
891 1073 1023 1159 Thynni
1051 1074 1185 1139 dextera
1212 1073 1283 1160 ripa

159 1178 290 1258 intrant,
313 1185 432 1243 exeunt
451 1175 561 1253 laeva3
594 1176 630 1240 id
650 1174 797 1241 accidere
818 1174 1041 1252 existumatm,
1069 1175 1144 1259 quia
1165 1174 1282 1240 dextro

159 1280 250 1346 oculo
277 1278 352 1364 plus
378 1288 520 1358 cernant,
553 1286 691 1363 utroque
724 1286 841 1342 natura
866 1276 984 1342 hebeti.
1019 1273 1083 1341 Est
1107 1276 1142 1340 in
1170 1275 1283 1362 euripo
1374 1262 1378 1272 ¹

159 1369 290 1445 Thracii
317 1379 456 1465 Bospori
487 1401 552 1464 quo
577 1378 751 1465 Propontis
777 1376 912 1442 Euxino
942 1376 1103 1464 iungitur,
1135 1377 1170 1442 in
1201 1376 1283 1463 ipsis

159 1481 326 1569 Europam
346 1481 524 1566 Asiamque
553 1480 734 1568 separantis
760 1479 838 1544 freti
866 1478 1041 1565 angustiis,
1075 1500 1188 1544 saxum
1208 1477 1282 1544 miri

160 1583 307 1649 candoris
328 1606 348 1648 a
368 1583 451 1648 vado
473 1582 516 1647 ad
538 1605 662 1648 summa
676 1581 856 1668 perlucens,
877 1581 970 1646 iuxta
991 1579 1228 1649 Chalcedonem
1248 1581 1283 1649 in

158 1683 256 1750 latere
277 1682 389 1749 Asiae.
422 1683 532 1750 Huius
553 1685 711 1771 adspectu
735 1694 868 1770 repente
891 1682 994 1749 territi
1016 1705 1143 1770 semper
1164 1684 1282 1749 advar-

160 1808 231 1851 sum
251 1785 403 1870 Byzantii
428 1787 682 1873 promontorium
715 1808 756 1852 ex
784 1808 823 1851 ea
852 1807 949 1850 causa
975 1785 1170 1870 appellatum
1191 1785 1282 1850 aurei

160 1906 276 1952 cornus
296 1886 464 1972 praecipiti
485 1897 602 1974 petunt
623 1887 768 1974 agmine3
800 1887 911 1970 itaque
933 1886 1036 1951 omnis
1059 1894 1192 1971 captura
1212 1885 1281 1970 By·
1295 1897 1325 1942 ⁵1

160 1988 258 2053 zantii
290 1998 339 2055 est
369 2011 489 2078 magna
517 1987 731 2055 Chalcedonis
762 1987 919 2074 paenuria
945 2009 970 2051 rr
1002 1987 1151 2071 passibus
1182 1984 1283 2054 medii

159 2089 371 2156 interfluentis
394 2090 507 2176 euripi.
540 2087 766 2176 Opperiuntur
791 2099 900 2154 autem
928 2087 1087 2172 aquilonis
1113 2087 1224 2152 flatum
1245 2095 1283 2150 nt

160 2190 301 2255 secundo
328 2191 430 2256 fluctu
457 2200 575 2257 exeant
604 2213 622 2255 e
649 2200 764 2275 ponto,
796 2211 857 2255 nec
883 2189 947 2253 nisi
973 2188 1132 2254 intrantes
1153 2197 1282 2274 portum

67 2282 73 2287 ⁵
150 2289 300 2378 -Byaanti
329 2291 517 2377 capiuntur3
553 2292 669 2357 bruma
702 2313 766 2357 non
791 2299 950 2379 vagantur
957 2313 967 2366 3
1000 2289 1195 2373 ubicumque
1223 2287 1281 2354 de-

159 2389 310 2476 prehensi
331 2412 434 2474 usque
455 2391 497 2456 ad
518 2391 765 2478 aequinoctium,
792 2391 839 2457 ibi
859 2390 1038 2457 hibernant.
1060 2389 1164 2456 Iidem
1185 2411 1282 2476 saepe

159 2491 290 2579 navigia
317 2492 397 2558 velis
427 2493 536 2559 euntia
557 2493 745 2560 comitantes
770 2492 851 2558 mira
873 2492 1011 2578 quadam
1033 2491 1202 2559 dulcedine
1222 2513 1282 2578 per

160 2593 281 2677 aliquot
311 2593 464 2660 horarum
496 2595 601 2682 spatia
633 2605 667 2660 ct
696 2614 853 2682 passuum
883 2594 971 2659 milia
1002 2616 1022 2658 a
1054 2592 1281 2681 gubernaculis

161 2703 359 2779 spectantur,
386 2719 428 2763 ne
454 2697 591 2763 tridente
618 2697 750 2782 quidem
771 2697 806 2762 in
827 2719 882 2762 eos
903 2695 1033 2783 saepius
1054 2695 1139 2760 iacto
1161 2695 1280 2774 territi3

159 2796 290 2880 qnidam
326 2819 381 2864 eos
415 2799 473 2883 qui
506 2797 567 2867 hoc
602 2821 620 2863 c
653 2798 784 2885 thynnis
815 2798 934 2865 faciant
964 2797 1125 2884 pompilos
1155 2806 1282 2863 vocant.

161 3033 286 3098 tatr'esina,
297 3028 404 3088 Ro'rt.
422 3035 599 3100 marithaime,
610 3033 640 3100 β,
653 3039 722 3101 quod
733 3037 843 3103 praefert
855 3037 960 3089 Gesner.
972 3037 1032 3089 hist
1044 3037 1122 3086 anim.
1134 3042 1159 3096 4,
1172 3039 1229 3088 974.
1248 3077 1281 3087 ..

161 3100 286 3164 apolectos,
296 3105 369 3154 codd.
378 3105 492 3156 Barbari.
504 3103 627 3169 apolectos,
636 3107 690 3156 Rd.
700 3145 732 3155 ..
741 3105 868 3168 cybiorum,
876 3104 924 3154 Bd
933 3102 1019 3167 (codd.
1024 3099 1152 3164 Barbari.)
1170 3101 1281 3166 adoram,

161 3168 209 3219 Tr.
228 3209 261 3220 ..
279 3169 456 3235 dispertiantur,
467 3173 501 3224 R.
518 3169 700 3236 dispartiuntur,
713 3166 785 3237 ᾱβγ.

194 3269 262 3333 §aa
280 3288 347 3322 omne
355 3289 438 3338 yetus,
449 3277 473 3326 d.
487 3314 519 3324 ..
537 3271 699 3336 multatas,
709 3276 733 3324 d.
746 3313 778 3323 ..
797 3270 863 3336 iaec,
874 3273 929 3324 Bd.
946 3268 1000 3333 lac,
1012 3272 1045 3323 Κ.
1063 3267 1116 3332 tce,
1127 3265 1157 3333 β.
1175 3310 1207 3321 ..
1224 3269 1282 3332 aaa,

159 3337 191 3388 R.
213 3356 265 3388 cam
281 3339 339 3403 aad,
355 3336 427 3406 ᾱβγ.
446 3383 479 3393 ..
502 3340 636 3404 etin‚Bd.
654 3380 687 3392 ...
710 3340 817 3404 calaad.
836 3379 867 3391 ..
886 3338 964 3404 aquis,
975 3341 1009 3392 Κ.
1027 3364 1060 3392 .=.
1077 3338 1167 3402 ΜΚ.
1185 3379 1219 3390 ..
1235 3353 1282 3388 aon

159 3422 225 3470 raro,
237 3423 257 3458 r.

194 3508 263 3569 550.
282 3506 387 3570 deawra,
399 3512 431 3560 R.
455 3510 548 3571 daatra,
561 3506 632 3577 ᾱβγ.
650 3553 682 3562 ..
701 3511 845 3574 lebetin.
870 3509 957 3573 lebete,
967 3506 1020 3576 βγ.
1038 3552 1071 3560 -
1089 3509 1194 3573 campa,
1206 3509 1230 3558 d.
1249 3547 1281 3558 ..

162 3571 256 3633 Meldi,
267 3575 320 3624 Rd·
338 3615 371 3624 -
388 3577 515 3640 separatis,
531 3581 599 3630 Rd1.
618 3620 650 3629 ..
669 3579 744 3641 litore,
762 3583 834 3630 codd
850 3582 957 3630 Massar.
975 3619 1007 3628 ..
1026 3577 1160 3639 adversans,
1176 3575 1281 3626 Barbar.

160 3639 193 3690 B.
211 3638 334 3701 odoacre,
346 3643 388 3691 dr.
401 3681 433 3691 ..
446 3644 517 3691 aurei
526 3661 617 3706 canas,
628 3639 700 3697 Brit
711 3645 815 3708 (omnes
827 3648 901 3696 codd.
914 3662 954 3709 ap.
968 3644 1075 3696 Salmas.
1088 3659 1170 3694 exerc.
1183 3657 1208 3706 p.
1223 3646 1280 3692 116.

161 3723 184 3758 a.
195 3705 242 3771 B.)
260 3707 433 3770 carnicorneas,
445 3709 477 3759 Τ.
495 3710 631 3773 aaricomn,
642 3708 672 3773 β.
690 3712 849 3778 chrysoceras,
861 3713 931 3767 Pint.
942 3711 976 3761 K.

194 3809 264 3870 551.
282 3815 318 3857 est
333 3811 473 3872 nuptiali.
496 3825 585 3873 mayna
597 3818 637 3872 art,
650 3813 673 3862 d.
692 3853 724 3862 ..
745 3809 918 3873 Chalcodoniis,
929 3811 962 3861 Κ,
989 3806 1141 3869 Chalcedone,
1153 3823 1173 3857 r.
1192 3847 1224 3856 -
1241 3805 1281 3866 M.

160 3873 230 3927 lter
241 3875 328 3938 (codd
341 3892 382 3941 ap.
395 3876 471 3927 Surit.
484 3879 517 3928 ad
527 3878 627 3928 Auton.
639 3879 721 3928 itiner.
733 3894 758 3942 p.
771 3876 843 3940 189.)
865 3876 898 3935 in,
910 3881 935 3928 d.
957 3873 1014 3937 DC,
1025 3877 1051 3926 Κ
1063 3874 1148 3939 (codd.
1160 3872 1280 3939 Massar.)

160 3942 195 4005 D,
206 3946 311 3996 Barbar.
323 3940 352 4006 β.
371 3985 403 3994 ..
417 3943 538 4008 passibas,
550 3946 603 3996 Bd.
618 3960 741 4008 pascuam,
752 3940 781 4007 β.
800 3987 831 3996 ..
850 3942 926 3993 medio
938 3943 1084 4007 interfluente
1095 3943 1184 4008 canpe,
1195 3942 1229 3993 Κ.
1247 3985 1281 3995 -

157 4020 260 4078 portam,
271 4013 303 4064 Li
323 4028 342 4062 s.
355 4015 388 4063 ad
400 4013 462 4064 Tac.
474 4029 533 4063 ann.
548 4018 588 4076 12,
601 4018 642 4065 63.
663 4020 768 4077 pontum,
779 4009 860 4075 Rdss.
878 4053 910 4062 ..
927 4010 1042 4076 Byzanti,
1054 4014 1079 4065 R
1090 4009 1161 4075 (cnm
1172 4010 1281 4075 rasura.)

161 4078 285 4143 Byzantii,
296 4027 325 4141 d.
346 4080 500 4146 Byzantium,
517 4082 594 4146 Tor.
613 4122 645 4131 ..
663 4080 805 4146 ubicunqne,
817 4082 884 4135 Rd².
907 4079 1004 4143 abiam,
1016 4082 1054 4131 (1¹.
1075 4080 1116 4130 nbi
1126 4095 1184 4142 cnm,
1200 4071 1229 4129 θ.
1246 4120 1279 4131 ..

161 4145 259 4209 Ibidan,
270 4148 302 4198 Τ.
320 4188 351 4199 -
375 4147 476 4212 aliquid,
488 4150 520 4200 R.
538 4191 570 4201 ..
588 4155 732 4214 spectantur,
742 4150 775 4200 R.
792 4155 919 4214 matatnr,
931 4151 954 4199 d.
976 4163 1023 4198 non
1033 4157 1185 4214 separantur,
1196 4148 1230 4198 Κ.
1248 4184 1280 4198 .-

162 4215 315 4274 ηο..ίεννίιί,
331 4218 355 4267 d.
382 4216 553 4280 nec..territi,
565 4219 610 4269 B2.
638 4218 699 4270 Om.
713 4218 758 4269 B'.
777 4258 809 4268 ..
832 4214 961 4284 ctlynna,
976 4218 1081 4270 Barbari
1093 4218 1125 4270 R.
1149 4223 1176 4267 at
1191 4211 1280 4281 ciprani,

162 4282 208 4334 ‘rt
218 4279 257 4344 (at
268 4283 294 4334 in
305 4282 413 4348 rasura.)
431 4325 463 4336 ..
473 4283 581 4351 saciant,
593 4288 617 4339 d.
636 4324 668 4338 ..
682 4284 824 4354 ponpiilor,
836 4287 909 4340 codd.
920 4285 1025 4339 Matar.
