2896 4800
350 262 421 308 nm.
436 261 496 307 xv.
525 260 604 307 car.
620 261 697 308 xm.
711 259 786 306 mv.
816 256 913 305 sacr.
931 258 1020 301 u-15.
1184 239 1247 303 459

125 417 199 482 tulit
225 415 293 482 divi
316 412 461 502 Augusti
490 410 674 477 novissimis
708 406 923 494 temporibus,
956 407 991 471 in
1024 407 1138 473 castris
1166 417 1247 486 sata,

123 518 213 584 bacis
237 514 389 583 similiora
410 536 507 598 quam
527 513 629 591 malis,
652 512 709 577 sed
730 508 905 598 aggeribus
926 507 1101 594 praecipua
1120 509 1247 588 decora,

123 619 274 703 quoniam
296 616 384 682 etin
406 626 491 682 tecta
510 615 576 681 iam
597 615 696 680 silvae
719 612 885 679 scandunt.
914 609 1081 702 'lfubemm
1103 609 1167 674 duo
1189 631 1247 697 ge·
1262 626 1294 670 ts

125 741 218 784 nera:
248 718 420 786 candidum
447 728 481 785 et
509 742 528 782 a
554 718 661 783 colore
689 714 830 800 syricum
852 713 985 779 dietum.
1022 710 1132 776 Paene
1153 731 1248 796 pere-

125 821 219 910 grina
246 831 322 887 sunt
350 821 385 885 in
412 841 478 885 uno
506 819 619 885 Italiae
648 840 727 904 agro
757 815 940 882 Veronensi
971 812 1136 879 nascentia
1168 833 1250 894 quae

125 925 233 990 lanata
246 922 449 1010 appellantur
455 947 464 1001 3
486 923 606 1009 lanugo
628 943 667 986 ea
686 917 829 996 obducit,
853 916 1007 983 strutheis
1020 914 1153 1000 quidem
1166 913 1249 978 Per-

126 1023 266 1109 sicisque
288 1026 453 1110 pluruma,
475 1023 526 1089 his
546 1034 654 1088 tamen
675 1020 838 1108 peculiare
852 1041 969 1086 nomen
983 1016 1073 1084 dedit
1085 1015 1175 1081 nulla
1188 1014 1251 1079 alia

125 1125 389 1192 conmendatione
410 1123 600 1213 insignibus.
694 1177 696 1181 .

169 1227 219 1293 15.
240 1226 379 1310 Reliqua
399 1248 456 1292 cur
476 1227 589 1315 pigeat
608 1223 795 1292 nominatim
820 1222 974 1298 indicare,
1002 1225 1077 1287 cum
1104 1219 1249 1286 condito·
1263 1235 1296 1282 ta

125 1326 214 1393 ribus
242 1329 309 1395 suis
336 1337 500 1394 aeternam
526 1326 778 1414 propagaverint
803 1325 991 1390 memoriam
1019 1333 1182 1407 tamquam
1209 1321 1251 1391 ob

125 1430 294 1516 egregium
315 1430 444 1514 aliquod
465 1428 500 1494 in
521 1429 589 1495 vita
609 1429 754 1494 lactum?
789 1425 862 1492 Nisi
889 1425 993 1505 fallor,
1022 1424 1190 1512 adparebit
1210 1447 1252 1491 ex

126 1551 164 1596 eo
185 1530 353 1616 ingenium
372 1531 536 1597 inserendi
556 1530 698 1615 nihilque
720 1540 787 1594 tam
813 1551 951 1615 parvum
979 1551 1051 1594 esse
1079 1527 1166 1611 quod
1186 1548 1252 1592 non
1331 1587 1333 1590 ,

125 1629 262 1718 gloriam
288 1652 400 1718 parere
425 1632 538 1718 possit.
575 1630 667 1720 Ergo
692 1630 814 1697 habent
839 1631 997 1719 originem
1017 1652 1038 1694 a
1057 1628 1162 1695 Matio
1186 1626 1251 1693 Ce-

126 1731 253 1817 stioque
279 1743 315 1799 et
334 1733 463 1814 Mallio,
490 1735 569 1804 item
595 1731 750 1811 Scaudio,
779 1732 897 1816 quibus
925 1743 1059 1798 cotoneo
1086 1730 1184 1795 insito
1209 1728 1251 1795 ab

124 1831 237 1919 Appio
258 1833 430 1901 eClaudia
451 1845 547 1922 gente
562 1834 718 1921 Appiana
739 1843 814 1900 sunt
835 1833 1068 1920 cognominata.
1090 1828 1184 1896 Odor
1204 1836 1252 1895 est
1265 1845 1298 1889 so
1342 1859 1345 1865 ·

125 1931 176 1998 his
202 1946 417 2013 cotoneorum,
444 1934 634 2021 magnitudo
661 1955 745 2019 quae
768 1931 972 2009 Scaudianis,
999 1933 1086 1998 color
1111 1930 1248 2005 rubeus3

126 2055 165 2101 ac
186 2055 226 2098 ne
248 2033 320 2118 quis
341 2034 376 2100 id
397 2035 521 2101 ambitu
541 2035 680 2101 valuisse
703 2033 855 2100 claritatis
877 2055 895 2099 e
916 2032 1036 2098 familia
1049 2042 1152 2119 putet,
1175 2041 1253 2096 sunt

126 2144 160 2200 et
174 2131 348 2221 Sceptiana
370 2136 410 2202 ab
424 2136 591 2203 inventore
604 2137 765 2215 libertino,
785 2134 927 2223 insignia
940 2134 1145 2200 rotunditate.
1169 2130 1253 2197 Cato

127 2234 227 2300 adicit
248 2233 440 2318 Quiriniana
468 2249 501 2304 et
526 2260 608 2323 quae
635 2238 735 2303 tradit
760 2237 796 2301 in
822 2237 917 2302 doliis
944 2236 1038 2302 condi
1060 2232 1252 2311 Scantiana,

127 2335 271 2400 omnium
297 2348 409 2404 autem
431 2340 616 2424 nuperrime
643 2340 796 2425 adoptata
824 2348 899 2404 sunt
924 2360 1039 2424 parva,
1076 2333 1253 2423 gratissimi

128 2437 263 2522 saporis,
287 2461 370 2524 quae
391 2440 515 2506 Petisia
535 2442 739 2507 nominantur
745 2466 755 2520 3
777 2439 899 2526 patrias
920 2439 1128 2506 nobilitavere
1148 2437 1251 2500 Ame-

126 2538 199 2603 rina
221 2548 253 2604 et
275 2538 446 2609 Graecula.
476 2540 632 2609 Cetera-e
654 2543 762 2608 causis
783 2553 910 2607 traxere
932 2563 1065 2607 nomen:
1088 2536 1250 2627 germani-
1265 2551 1295 2596 51
1357 2611 1362 2618 .

129 2640 205 2706 tatis
227 2643 433 2710 cohaerentia
454 2655 487 2710 et
507 2645 653 2732 gemella,
681 2667 856 2729 numquam
879 2643 1005 2731 singula
1026 2644 1061 2708 in
1081 2643 1166 2717 fetu3
1197 2661 1252 2706 cc-

127 2740 204 2809 loris
233 2745 357 2830 syrica,
385 2747 584 2836 cognationis
609 2747 764 2833 melapia3
800 2757 928 2813 mustea
954 2769 975 2811 a
1001 2745 1164 2813 celeritate
1190 2741 1252 2807 mi·

128 2846 290 2925 tescendi‚
325 2869 409 2932 quae
436 2871 523 2914 nunc
555 2848 713 2913 melimela
741 2847 894 2913 dicuntur
925 2871 945 2911 a
977 2870 1090 2934 sapore
1122 2843 1251 2918 melle03

130 2943 307 3011 orbiculata
335 2969 355 3010 a
381 2947 488 3032 figura
513 2947 600 3012 orbis
625 2948 659 3011 in
688 2948 917 3013 rotunditatem
942 2947 1144 3024 circumacti3
1172 2944 1253 3010 haec

128 3043 163 3113 in
177 3040 279 3138 Epiro
300 3047 440 3133 primum
461 3047 650 3132 provenisse
670 3057 861 3135 argumento
877 3057 952 3112 sunt
966 3045 1084 3113 Graeci
1099 3047 1155 3130 qui
1168 3044 1252 3130 Epi-

131 3213 202 3294 fiel.)
214 3215 256 3295 ,In
271 3235 287 3270 a
301 3233 396 3282 rasura,
413 3220 457 3274 nbi
474 3226 551 3271 antea
566 3236 612 3289 que
628 3221 726 3272 videtur
742 3219 828 3272 luisse.
847 3262 880 3271 ..
903 3219 1039 3285 indonatus,
1054 3222 1078 3270 d
1105 3216 1212 3282 insano,
1229 3231 1251 3268 Β*

129 3297 175 3332 um
192 3299 224 3342 m,
236 3301 256 3336 r.

164 3300 233 3417 5949.
255 3348 382 3418 Oesdoqus,
393 3357 482 3407 Dalec.
500 3371 534 3408 en
546 3356 645 3414 Galerio
657 3351 725 3407 κατὰ
738 3352 840 3416 τόπους
850 3363 875 3418 2,
889 3363 911 3406 1.
925 3362 949 3418 6,
962 3361 987 3406 9.
1012 3354 1145 3418 (lectioque,
1157 3345 1252 3416 adfir-

131 3416 262 3495 uarioque,
273 3422 341 3473 Pint.
357 3432 460 3489 propter
472 3424 608 3476 Columell.
622 3425 654 3474 V.
668 3430 708 3487 10,
721 3430 761 3475 19.
779 3425 841 3475 XIL
854 3430 896 3486 45,
909 3432 933 3474 4.
951 3465 983 3475 ..
1001 3421 1098 3481 Mallio,
1111 3423 1155 3473 ad.
1176 3419 1252 3471 Man·

132 3483 171 3545 lto,
182 3482 232 3550 βγ.
252 3487 415 3566 ..βοαηάἰο,
432 3491 556 3543 STa¹d².
580 3490 694 3554 Scaudio,
710 3485 806 3543 0a²d¹.
832 3490 942 3554 Claudio,
953 3487 983 3552 β.
1002 3532 1034 3542 ..
1053 3491 1109 3555 quin
1121 3497 1151 3552 et,
1163 3488 1251 3540 Dalcc.

133 3591 164 3600 ..
183 3560 277 3602 cotoneo
289 3555 366 3616 aurito,
379 3559 425 3607 ad.
443 3559 631 3619 concenturiat,
643 3560 676 3609 K.
695 3567 788 3608 cotoneo
800 3560 880 3620 inrito,
891 3561 980 3613 Doleo.
1000 3600 1031 3610 -
1050 3575 1071 3621 e,
1083 3575 1133 3609 om.
1147 3560 1171 3606 (1.

165 3620 234 3681 §5⁰-
252 3621 389 3698 magnitudo
397 3639 466 3686 quae,
478 3627 502 3674 d.
519 3624 787 3689 magnitudoqueffar.
806 3667 838 3676 ..
857 3625 1078 3688 Scandianu,‘Td.
1096 3621 1251 3684 Scaudiana,

135 3677 164 3763 d.
181 3684 225 3734 sed
235 3685 355 3748 audancia
367 3705 390 3738 a
408 3689 452 3738 sed
464 3689 613 3752 Claudianis,
624 3709 644 3742 r.
670 3688 818 3753 Claudianis,
829 3689 858 3754 β,
876 3736 908 3745 ..
927 3692 955 3743 id
964 3694 1084 3754 ambitum,
1096 3710 1119 3744 a.
1142 3690 1252 3740 nmmum

131 3750 166 3831 ed,
179 3755 203 3803 d.
221 3754 340 3817 ambitum,
353 3756 408 3808 ST.
427 3797 459 3813 ..,
477 3758 605 3822 efumilt’u,
618 3758 681 3810 Sar.
700 3759 849 3824 etscuu'liue,
860 3756 931 3826 (Ιβγ.
950 3803 982 3813 -
1000 3760 1096 3825 insipat,
1107 3777 1126 3811 r.
1140 3800 1172 3811 ...
1194 3757 1252 3818 Qui·

131 3836 237 3883 ruuuna,
255 3822 324 3873 Pina
335 3839 368 3874 ex
381 3824 479 3875 Catone
492 3827 523 3876 de
534 3842 561 3877 re
572 3835 634 3878 rust.
648 3828 671 3877 7.
698 3825 825 3890 Quiriuna,
841 3824 931 3894 adssr.
949 3871 981 3880 ..
1004 3828 1104 3890 Perua,
1122 3828 1200 3878 Hard.
1220 3867 1252 3878 ..

131 3887 256 3970 Amerina,
267 3892 335 3942 Pint.
348 3893 372 3942 d
394 3892 543 3971 lanariam,
558 3890 678 3957 O(codd.
692 3897 782 3960 optimi
793 3913 833 3963 ap.
847 3897 955 3951 Salmas
967 3912 1049 3948 exem.
1061 3913 1086 3962 p.
1099 3901 1157 3947 916.
1170 3897 1196 3947 b.
1206 3892 1252 3958 Β.)

131 3955 262 4020 demam
274 3976 297 4010 a.
314 3959 475 4021 ‚Demermnu
487 3963 532 4012 alii
549 3966 623 4015 codd.
640 3979 681 4029 ap.
693 3964 801 4016 Salmas·
828 3963 960 4028 comm,
970 3961 1000 4027 β.
1023 3966 1091 4016 Plin.
1103 3971 1126 4014 et
1135 3961 1252 4014 amessa

132 4025 231 4080 videtur
241 4029 377 4093 scripsisse
395 4070 427 4080 -
449 4027 565 4093 Grnculn,
581 4024 630 4082 Oa.

165 4094 234 4169 5⁵¹:
251 4096 415 4171 generositate,
427 4114 446 4148 r.
465 4136 496 4149 ..
515 4097 607 4161 colom,
618 4102 642 4151 d.
661 4097 744 4162 colore,
757 4102 826 4152 Tar.
846 4143 876 4152 ..
895 4101 981 4168 syrica,
993 4103 1065 4152 Tad.
1083 4096 1205 4162 suncass.
1219 4140 1250 4149 ,,

132 4166 285 4222 cognanum,
294 4165 318 4212 d.
327 4165 486 4228 mantunae,
496 4183 519 4216 a
535 4167 681 4230 cognouere,
690 4184 709 4218 r.
723 4209 754 4218 -
773 4176 869 4230 musmo,
879 4185 902 4219 v.
912 4170 986 4222 Varr.
996 4173 1132 4222 durarunt.
1143 4169 1164 4219 l.
1177 4173 1217 4230 59,
1229 4173 1250 4217 1.

133 4233 218 4288 musta,
234 4230 279 4279 ad.
298 4270 329 4279 -
352 4232 531 4296 maturescentis,
548 4236 638 4287 Dalec.
657 4278 689 4288 -
710 4237 851 4301 manure,
867 4252 890 4288 a.
