2896 4800
332 293 403 338 ern.
420 293 469 338 rx.
497 289 575 337 car.
592 288 703 336 xxxv.
719 285 844 333 xxxva
875 284 971 333 sacr.
988 286 1078 332 ss-eo.
1202 269 1262 332 177

132 466 235 513 ”usum
258 444 384 511 venisse
405 442 612 508 Alexandrea
633 440 667 503 in
694 438 853 505 dicionem
879 437 1017 516 redacta,
1044 437 1182 523 primum
1204 460 1262 503 an·

141 559 206 613 tem
233 547 379 633 coepisse
407 544 493 611 circa
515 541 649 609 Sullana
677 551 821 627 tempora
839 539 986 604 minutas
1008 549 1041 604 et
1062 539 1133 604 vilis
1154 538 1261 606 Fene-

142 648 232 713 stella
261 646 361 713 tradit
385 643 557 710 manifesto
584 664 703 719 errore,
731 664 804 706 oum
826 639 941 706 Aelius
963 637 1045 705 Stilo
1071 639 1263 728 Iugurthino

139 749 224 815 bello
245 748 401 815 unionum
422 767 538 812 nomen
560 743 736 831 inpositum
764 764 916 807 maxume
938 740 1115 829 grandibus
1135 764 1262 829 marga·

139 849 211 914 ritis
232 849 359 935 prodat.

183 952 235 1014 60.
257 948 304 1012 Et
316 948 378 1014 hoc
394 957 500 1013 tamen
514 958 663 1014 aeternae
684 967 787 1035 prope
808 944 1019 1034 possessionis
1037 956 1097 1023 est,
1119 946 1264 1031 sequitur
1278 965 1326 1010 res

138 1049 302 1126 heredem,
322 1047 358 1113 in
373 1047 592 1133 mancipatum
609 1049 700 1114 venit
715 1058 754 1113 ut
770 1047 941 1134 praedium·
954 1047 1099 1131 aliquod3
1123 1046 1262 1132 conchy-

138 1153 182 1218 lia
204 1161 237 1217 et
257 1165 419 1238 purpuras
433 1149 535 1215 omnis
549 1148 628 1215 hora
642 1148 762 1227 atterit,
784 1148 903 1234 quibus
921 1148 1033 1214 eadem
1051 1160 1153 1215 mater
1166 1147 1262 1214 luxu-

138 1254 187 1319 ria
207 1253 299 1339 paria
319 1273 423 1338 paene
445 1250 541 1316 etiam
555 1251 740 1340 margaritis
754 1251 860 1336 pretia
873 1251 958 1317 fecit.
989 1248 1160 1316 XXXVI.
1175 1244 1262 1316 Purss
1278 1267 1326 1313 rus

138 1375 240 1441 purae
261 1353 373 1420 vivont
393 1354 486 1420 annis
506 1355 692 1442 plurumum
713 1352 867 1441 septenis,
895 1353 995 1419 latent
1014 1351 1099 1419 siout
1122 1352 1263 1419 murices

139 1455 226 1521 circa
252 1455 340 1520 oanis
366 1465 471 1520 ortum
494 1455 624 1522 tricenis
646 1453 774 1541 diebus,
801 1463 1040 1542 congregantur
1060 1475 1160 1520 verno
1181 1463 1261 1519 tem·

138 1577 218 1642 pore
245 1566 419 1640 mutuoque
453 1557 566 1621 attritu
601 1557 755 1622 lentorem
783 1555 951 1620 cuiusdam
983 1576 1074 1620 cerae
1107 1554 1261 1631 salivant3

140 1656 235 1722 simili
256 1656 351 1722 modo
373 1666 406 1721 et
426 1657 574 1735 murices,
603 1657 661 1723 sed
681 1678 847 1744 purpurae
868 1654 981 1725 florem
999 1656 1091 1723 illum
1108 1656 1261 1744 tinguen-

138 1757 189 1823 dis
210 1758 388 1845 expetitum
409 1757 556 1824 vestibus
575 1758 609 1823 in
630 1759 745 1826 mediis
765 1757 887 1825 habent
912 1756 1072 1824 faucibus.
1107 1756 1262 1843 Liquoris
1276 1776 1324 1822 rac

138 1856 191 1925 hic
211 1859 345 1925 minumi
366 1858 473 1925 estin
494 1859 632 1925 candida
653 1881 744 1937 vena,
766 1860 853 1926 unde
874 1860 1036 1946 pretiosus
1053 1858 1108 1923 ille
1128 1857 1260 1938 bibitur,

137 1958 297 2046 nigrantis
322 1983 416 2027 rosae
443 1959 549 2026 colore
583 1960 754 2026 sublucens
761 1985 771 2039 3
808 1961 965 2045 reliquom
992 1981 1109 2046 corpus
1142 1961 1260 2028 sterila.

137 2059 240 2128 Vivas
266 2084 382 2148 capere
413 2060 626 2141 contendunt,
652 2061 730 2146 quia
757 2083 831 2127 cum
857 2062 923 2127 vita
950 2083 1064 2127 sucum
1090 2083 1164 2126 eum
1184 2083 1260 2126 evo-

138 2171 244 2239 munt3
274 2173 307 2226 et
326 2160 504 2227 maioribus
531 2162 662 2246 quidem
683 2161 838 2249 purpuris
861 2161 1005 2227 detracta
1025 2161 1149 2229 concha
1169 2161 1261 2226 aule-

138 2274 230 2341 runt,
256 2263 397 2329 minores
427 2285 501 2328 cum
529 2272 614 2328 testa
639 2264 729 2329 vivas
757 2264 928 2350 frangunt,
960 2262 1007 2327 ita
1034 2263 1161 2329 demum
1188 2286 1263 2330 eum

139 2362 338 2449 exspuentis.
372 2363 455 2447 Tyri
475 2363 670 2451 praecipuus
689 2364 743 2430 hio
764 2363 875 2442 Asiae,
897 2362 932 2429 in
952 2361 1109 2453 Meninge
1129 2365 1262 2432 Africae
1276 2383 1324 2430 127

139 2475 172 2530 et
194 2461 448 2531 Gaetulolitore
468 2465 591 2545 oceani,
613 2466 647 2531 in
667 2465 832 2532 Laconica
852 2465 1015 2552 Europae.
1047 2467 1137 2535 Huic
1157 2468 1263 2535 fasces

140 2587 333 2651 securesque
359 2566 527 2635 Romanae
557 2567 644 2634 viam
678 2568 801 2634 faciunt
832 2567 981 2654 idemque
1010 2591 1070 2656 pro
1095 2570 1263 2636 maiestate

139 2667 297 2755 pueritiae
329 2680 395 2749 est3
429 2669 600 2759 distinguit
631 2671 673 2737 ab
701 2670 810 2756 equite
836 2670 973 2751 curiam,
1007 2672 1057 2738 dis
1089 2672 1264 2739 advocatur

139 2769 305 2854 placandis
326 2793 517 2858 omnemque
538 2781 662 2838 vestem
683 2771 861 2851 inluminat,
883 2772 918 2838 in
943 2772 1125 2860 triumphali
1145 2775 1262 2841 misce-

141 2883 194 2936 tur
214 2895 303 2938 auro.
341 2871 552 2960 Quapropter
573 2882 726 2940 excusata
748 2882 780 2938 et
800 2896 961 2961 purpurae
985 2874 1025 2940 sit
1044 2875 1168 2942 insania
1173 2901 1183 2954 ;
1206 2877 1264 2943 sed

140 3048 257 3097 codicum
273 3049 418 3112 scripturae,
431 3066 445 3100 s
461 3051 552 3114 quibus
565 3050 660 3113 colligo
674 3046 789 3099 Plinium
802 3051 853 3099 tale
870 3051 931 3114 quid
942 3050 1082 3115 scripsisse:
1099 3047 1263 3113 Iapurrlrinum

140 3111 408 3178 bellum-imposuere.
427 3159 459 3167 ..
475 3116 600 3182 praedius,
613 3120 637 3168 d.

113 3223 115 3228 .
174 3183 189 3244 ᾗ
204 3187 260 3231 124.
274 3198 352 3247 prope
363 3192 481 3247 aetenae,
493 3187 517 3236 d.
535 3227 566 3235 -
586 3184 653 3248 lore,
667 3184 773 3236 Gesner.
785 3185 844 3234 hist.
856 3185 932 3235 anim.
950 3192 978 3247 4,
997 3189 1054 3236 534.
1067 3193 1093 3234 et
1103 3182 1263 3235 Freinshsm.

140 3249 173 3297 ad
186 3248 257 3299 Curt.
269 3250 303 3300 V.
317 3257 340 3313 9,
354 3259 377 3302 4.
396 3251 475 3316 lorus,
486 3255 540 3305 Rd.
559 3270 610 3315 ora,
622 3249 651 3315 β.
671 3295 703 3304 ,.
721 3251 801 3316 etiam,
813 3254 845 3305 R.
863 3259 893 3315 et,
910 3245 938 3302 θ.
957 3268 977 3314 e,
989 3255 1013 3304 d.

173 3317 189 3379 ξ
204 3322 260 3367 125.
278 3318 347 3380 senes,
359 3322 426 3371 Pint.
439 3336 473 3371 ex
484 3323 591 3372 Aristot.
604 3323 663 3372 hist.
676 3322 754 3372 anim.
769 3327 792 3384 5,
804 3320 844 3370 15.
856 3338 881 3387 p.
896 3319 959 3373 547b
974 3324 997 3371 9.
1015 3363 1047 3373 ..
1070 3319 1142 3382 circu,
1155 3333 1205 3369 om.
1218 3321 1264 3370 R'.

140 3391 231 3446 contra,
242 3402 262 3435 r.
281 3387 315 3436 V.
327 3387 460 3439 Aristotel.
472 3390 489 3439 l.
502 3391 520 3438 l.
534 3398 558 3452 8,
571 3397 611 3441 13.
623 3406 648 3455 p.
662 3396 725 3440 599⁸
741 3394 780 3441 17.
808 3432 840 3440 ..
867 3383 1121 3453 mutuumque,R8d.
1140 3430 1171 3438 -
1195 3387 1265 3437 attri-

141 3456 197 3511 tum,
206 3452 273 3502 R²u
292 3454 383 3515 attrito,
392 3459 436 3507 Rl.
450 3498 482 3506 ..
495 3465 524 3517 et,
535 3473 585 3508 om.
596 3459 627 3508 Τ.
641 3457 775 3521 -florem,
784 3474 808 3508 v.
817 3459 953 3509 Aristotel.
962 3460 980 3508 1.
990 3460 1007 3509 l.
1022 3464 1045 3519 5,
1060 3463 1100 3509 15.
1112 3473 1137 3522 p.
1151 3458 1264 3507 547215.

161 3515 190 3594 ,ἓ
209 3524 266 3567 126.
291 3519 406 3583 Liquorr's
424 3523 533 3572 uineirum
549 3533 597 3586 est,
614 3525 703 3575 Dalec.
732 3567 764 3576 ..
790 3526 933 3590 niprr'eautis
949 3542 1020 3575 rosae
1036 3524 1213 3585 color‚Daloc.
1231 3561 1264 3574 ...

140 3589 199 3643 veta,
211 3584 287 3634 RTd
299 3583 385 3646 (codd.
397 3590 502 3640 Massar.
514 3600 540 3640 et
552 3590 622 3654 Gel.)
640 3592 691 3641 vitu
701 3609 753 3650 suu,
764 3610 785 3643 r.
803 3635 836 3644 ..
855 3592 950 3655 conclu,
964 3609 1014 3642 orn.
1023 3594 1069 3642 R¹.
1082 3632 1114 3640 -
1132 3607 1184 3639 cum
1197 3597 1266 3651 testu,

140 3650 219 3701 Hard.
247 3667 299 3701 eum
312 3652 384 3712 turs,
400 3655 467 3702 Pint.
496 3652 797 3719 comessantium.
821 3660 933 3723 trapetis,
949 3654 979 3721 β.
1005 3660 1126 3710 Probavit
1141 3657 1267 3708 Harduini

141 3720 344 3771 emendationem
365 3719 509 3771 Schneider.
530 3726 563 3773 ad
583 3724 714 3774 Aristotel.
735 3727 793 3776 hist.
815 3728 891 3776 anim.
912 3728 931 3775 1.
953 3728 970 3776 l.
991 3742 1016 3790 p.
1039 3729 1101 3775 547ει
1115 3731 1156 3774 22.
1177 3725 1209 3774 Τ.
1230 3723 1266 3775 Π.

141 3802 167 3852 p·
181 3792 239 3839 ³12.
258 3831 290 3840 ..
309 3787 384 3847 vives
396 3788 475 3838 Hard.
488 3790 542 3838 Rd.
560 3789 622 3847 vtes,
636 3791 690 3841 ST.
708 3791 770 3853 uilis,
786 3785 814 3841 θ.
833 3794 891 3844 Om.
903 3789 933 3855 β.
951 3834 983 3842 -
1002 3808 1061 3852 eum,
1072 3793 1138 3843 Rue
1157 3792 1215 3843 Om.
1228 3794 1265 3843 d'.

141 3871 217 3906 rorem
229 3873 288 3920 eum,
300 3853 351 3922 βγ.
370 3898 402 3907 ..
419 3863 562 3920 exspuentes,
574 3851 683 3907 ROTd.
701 3856 882 3922 excipientem?
899 3876 957 3911 cnm
973 3860 1135 3923 sequentibus
1151 3860 1266 3923 iungens.

175 3922 261 3984 5127.
292 3924 369 3990 lbre'i,
382 3919 691 3989 dssadpriorareserens.
719 3967 751 3976 ..
777 3926 801 3975 in
818 3926 1061 3992 Menippefflarbar.
1087 3927 1265 3994 menipe,R¹d.

141 3989 258 4056 minimus,
269 3995 315 4046 R2.
335 4034 366 4043 -
383 3992 457 4052 Hinc,
469 3993 502 4043 K.
521 3993 610 4043 Omitt.
623 3993 676 4044 Rd.
700 4033 732 4042 -
748 3994 832 4057 sueres
844 4002 870 4045 ut
880 4012 1025 4059 securesque,
1036 3996 1090 4046 Rd.
1108 3997 1150 4048 Ex
1166 3998 1206 4048 his
1222 4013 1265 4048 re·

142 4059 222 4119 stigiis
240 4063 369 4123 codicum,
385 4062 480 4111 omisso
496 4061 647 4125 pronomine
659 4057 723 4122 duic,
737 4064 807 4125 quod
818 4065 925 4116 librariis
938 4065 1023 4117 deberi
1034 4065 1144 4128 videtur,
1157 4067 1265 4117 scriben-

142 4127 203 4174 dum
219 4135 296 4188 puto:
315 4129 404 4178 Fasces
420 4126 458 4177 illi
472 4144 620 4192 securesque,
632 4143 708 4179 sensu
719 4131 817 4189 eodem,
829 4134 911 4195 qualis
923 4142 962 4185 est
973 4135 1123 4198 cavalgata
1134 4134 1265 4199 scriptura.

143 4231 175 4240 ..
194 4191 339 4254 Romanam,
351 4199 374 4246 d.
393 4236 424 4244 -
443 4196 566 4245 maiestate
578 4195 672 4260 imperii
682 4203 723 4260 est,
735 4197 839 4247 Barbas.
967 4195 976 4210 '⁴

176 4261 252 4311 Pam.
269 4264 303 4315 11.
1021 4267 1061 4329 12
