2896 4800
321 142 346 191 4.

191 273 253 338 164
542 285 746 335 naronanrs
769 286 964 336 msroman

231 439 349 507 XXV.
379 442 430 506 41.
467 438 529 505 Est
556 462 675 526 parvos
703 440 878 505 admodum
905 441 1004 526 piscis
1033 439 1188 507 adsuetus
1215 444 1315 530 petris
1329 458 1361 506 tc

86 590 88 595 .
189 543 338 611 echeneis
364 542 541 628 appellatus
548 566 557 620 ;
595 541 656 607 hoc
690 541 808 608 carinis
843 541 1038 608 adhaerente
1064 563 1163 609 naves
1191 547 1314 613 tardius

184 645 234 713 ire
256 643 431 710 creduntur
451 643 528 709 inde
550 643 681 708 nomine
702 644 857 730 inposito,
887 665 984 728 quam
1005 644 1048 710 ob
1070 667 1201 710 eausam
1222 670 1312 715 ama·

187 745 278 809 toriis
304 765 432 830 quoque
459 743 623 811 veneficiis
651 744 781 810 infamis
810 755 858 810 est
880 754 912 810 et
933 745 1126 811 iudiciorum
1148 769 1187 813 ac
1207 749 1313 816 litium

185 868 286 924 mora,
323 868 406 931 quae
438 845 572 912 crimina
603 867 668 911 una
698 846 795 913 laude
827 856 944 933 pensat
969 846 1077 913 fluxus
1105 850 1311 936 gravidarum

184 958 278 1014 utero
307 947 423 1014 sistens
445 959 624 1034 partusque
647 948 813 1014 continens
838 947 881 1013 ad
906 949 1113 1036 puerperium
1120 975 1129 1026 3
1165 951 1200 1017 in
1223 953 1311 1019 cibos

183 1061 291 1116 tamen
313 1072 378 1116 non
399 1049 590 1116 admittitur.
621 1048 730 1116 Pedes
752 1072 826 1116 eum
846 1048 965 1117 habere
988 1051 1160 1117 arbitratur
1180 1051 1310 1121 Aristo-

184 1152 280 1231 teles,
309 1151 355 1216 ita
379 1152 487 1238 posita
515 1151 688 1238 pinnarum
710 1150 929 1217 similitudine.
965 1150 1136 1219 Mutianus
1157 1156 1310 1222 muricem
1323 1171 1356 1215 co

181 1276 254 1319 csse
281 1252 427 1320 latiorem
454 1275 599 1340 purpura
625 1274 730 1337 neque
751 1274 866 1339 aspero
886 1274 992 1338 neque
1012 1254 1152 1320 rotundo
1173 1277 1229 1322 ore
1249 1278 1308 1323 ne-

183 1377 247 1440 que
267 1357 303 1420 in
324 1353 463 1440 angulos
484 1355 665 1440 prodeunte
689 1364 792 1420 rostro
815 1354 873 1421 sed
896 1353 1042 1442 simplice
1064 1355 1196 1436 concha,
1218 1368 1307 1424 utro·

183 1478 247 1541 que
283 1457 384 1523 latere
422 1477 494 1521 sese
527 1454 713 1543 colligente,
751 1454 869 1541 quibus
908 1455 1147 1523 inhaerentibus
1179 1457 1308 1543 plenam

181 1548 289 1622 ventis
310 1556 435 1621 stetisse
457 1578 573 1622 navem
593 1566 775 1643 portantem
797 1579 817 1621 a
836 1555 1016 1622 Periandro
1036 1568 1074 1622 ut
1095 1566 1308 1624 castrarentur

96 1660 105 1677 ⁸
181 1655 306 1723 nobiles
326 1657 431 1743 pueri,
463 1657 665 1743 conchasque
694 1679 777 1742 quae
803 1658 839 1723 id
866 1657 1088 1744 praestiterint
1112 1657 1199 1745 apud
1226 1657 1305 1722 Cni-

176 1757 310 1824 diorum
330 1759 491 1826 Venerem
513 1758 583 1826 coli.
616 1759 756 1825 Trebius
776 1758 878 1848 Niger
898 1757 1048 1847 pedalem
1068 1780 1140 1825 esse
1161 1768 1194 1823 et
1215 1779 1304 1825 cras·

181 1859 321 1928 titudine
352 1861 495 1948 quinque
528 1861 703 1948 digitorum
733 1860 827 1927 navis
858 1859 995 1938 morari3
1031 1869 1198 1948 praeterea
1222 1859 1306 1928 hanc

182 1983 253 2028 esse
289 1963 354 2028 vim
383 1962 452 2029 eius
480 1961 644 2029 adservati
671 1961 706 2027 in
735 1961 801 2028 sale
827 1972 864 2027 ut
892 1984 1006 2029 aurum
1037 1960 1124 2047 quod
1150 1960 1307 2029 deciderit

179 2060 215 2126 in
235 2063 409 2130 altissimos
429 2074 547 2150 puteos
568 2063 718 2130 admotus
739 2064 896 2130 extrahat

263 2164 398 2232 XXVI.
420 2167 472 2232 42.
510 2165 643 2231 Mutant
672 2165 809 2232 colorem
838 2165 1010 2232 candidum
1038 2188 1150 2233 menae
1171 2176 1203 2232 et
1222 2165 1348 2230 fianta

178 2276 300 2332 aestate
321 2268 490 2355 nigriores,
521 2278 626 2334 mutat
652 2278 685 2333 et
706 2266 823 2353 phycis
843 2269 968 2352 reliquo
990 2279 1135 2355 tempore
1157 2267 1304 2345 candida,

178 2390 253 2435 vere
274 2370 380 2446 varia3
417 2369 531 2436 eadem
556 2369 695 2456 piscium
723 2369 791 2437 sola
815 2368 960 2436 nidificat
987 2391 1028 2436 ex
1056 2369 1131 2457 alga
1150 2381 1250 2454 atquc
1270 2369 1304 2434 in

177 2469 255 2535 nido
276 2471 372 2556 parit.
922 2470 924 2474 ’

211 2570 272 2636 43.
308 2571 407 2638 Volat
427 2572 565 2639 hirundo
580 2595 656 2640 sane
669 2595 826 2660 perquam
849 2571 961 2638 similis
982 2571 1104 2639 volucri
1125 2570 1300 2646 hirundini,

177 2670 256 2736 item
276 2672 401 2741 milvos.

219 2772 372 2841 XXVII.
409 2773 507 2842 Subit
527 2777 561 2842 in
583 2798 707 2844 summa
729 2777 831 2842 maria
850 2776 949 2863 piscis
971 2798 1012 2843 ex
1033 2783 1222 2864 argumento
1240 2793 1299 2859 ap·
1314 2787 1347 2832 82

211 2981 227 3044 ξ
241 2987 280 3035 79.
298 2982 411 3048 culmea,
426 2985 533 3038 Barbar.
549 2988 582 3038 R.
604 2983 719 3048 achineae,
736 2986 760 3035 d.
779 3024 812 3035 ..
830 2981 905 3048 litam,
922 2986 947 3036 d.
972 2983 1007 3035 V.
1022 2984 1131 3036 Aristot.
1147 2983 1208 3034 hist.
1223 2981 1299 3031 anim.

177 3056 254 3114 a,14.
270 3067 296 3118 p.
313 3052 382 3103 5051>
396 3058 435 3106 ts.
455 3094 487 3104 ..
504 3070 574 3120 grac.
590 3054 671 3117 utique
686 3052 778 3115 ahtau,
792 3052 884 3104 Dalec.
901 3092 934 3102 ..
957 3067 1004 3100 non
1018 3049 1113 3112 lubere,
1128 3049 1162 3102 K.
1181 3089 1214 3100 -.
1235 3047 1299 3096 arbi·

176 3124 279 3182 trantur,
290 3121 366 3173 R'Id
378 3119 464 3184 (codd.
475 3119 597 3186 Massar.)
614 3123 711 3172 Veram
722 3121 790 3172 hanc
801 3135 857 3172 esse
868 3120 1006 3171 lectionem
1016 3119 1144 3182 verbaque
1154 3115 1232 3169 Plinii
1245 3129 1299 3166 esse

175 3185 301 3238 lacunosa
316 3189 391 3239 docet
407 3189 525 3252 Aristot,
543 3191 587 3254 qui
602 3190 620 3240 l.
636 3190 655 3240 1.
667 3190 739 3239 illam
756 3191 787 3239 dc
803 3189 910 3252 pedibus
922 3187 1067 3238 echeneidie
1080 3186 1228 3250 opinionem
1244 3183 1299 3247 ipsc

174 3254 276 3305 refutat.
288 3256 355 3305 Plin.
367 3255 420 3306 fere
431 3257 483 3307 tale
494 3258 555 3320 qnid
567 3257 678 3322 scripsitz
698 3255 857 3318 arbitantur,
869 3262 952 3304 ecana
963 3269 1035 3319 qaam
1045 3250 1194 3312 Aristoteles,
1206 3251 1242 3301 ito
1252 3251 1297 3300 rel.

174 3319 273 3372 Ultima
283 3324 361 3386 igitur
371 3324 448 3373 verba
459 3326 597 3388 explicant,
608 3327 676 3375 unde
688 3324 734 3374 illa
746 3324 834 3389 opinio
845 3325 879 3375 sit
890 3329 959 3386 orta3
972 3324 1004 3372 de
1015 3328 1098 3371 cocao
1107 3334 1178 3382 quam
1187 3332 1210 3366 v.
1221 3323 1245 3379 9,
1256 3323 1297 3395 69.

178 3392 217 3448 ro,
232 3393 289 3439 140.
315 3395 355 3451 11,
368 3394 408 3440 ra
432 3397 472 3452 ra,
485 3395 526 3441 aa.
545 3431 577 3440 -
595 3407 625 3440 ex
640 3389 776 3454 Aristotel»,
793 3392 868 3442 coda
884 3393 991 3442 Massa.
1009 3428 1042 3439 ..
1060 3387 1096 3436 ita
1106 3385 1196 3450 poam,
1211 3384 1245 3435 R·
1271 3382 1299 3432 td

175 3455 295 3520 opposito,
307 3457 363 3507 Td.
381 3498 413 3507 ..
431 3456 592 3521 similitudine,
604 3461 696 3512 RTdr
708 3457 796 3525 (codd.
807 3457 929 3523 Massar.)
945 3451 1102 3516 multitudine,
1112 3448 1143 3516 β.

208 3522 277 3584 ξῦο.
292 3539 434 3588 purpuram,
446 3527 470 3576 d.
489 3566 521 3577 ..
538 3525 612 3591 spiro,
624 3530 648 3579 d.
667 3567 700 3578 ..
716 3524 830 3591 simplice,
845 3527 922 3578 3²11.
942 3524 972 3588 εἰ,
990 3526 1014 3575 d.
1036 3522 1068 3574 In
1083 3523 1121 3573 R¹
1135 3535 1223 3573 rasura
1235 3522 1296 3570 dna-

173 3606 231 3643 rum
246 3593 354 3642 triumve
369 3593 518 3645 litterarum.
538 3635 569 3646 ..
587 3593 612 3644 iu
629 3602 736 3659 utroque,
751 3597 776 3647 d.
794 3633 826 3645 ..
844 3609 870 3655 a,
886 3595 959 3646 codd.
971 3589 1050 3646 Hard.
1063 3587 1110 3654 (l).
1131 3588 1236 3651 annuos,
1251 3589 1296 3638 3²·

172 3659 270 3710 aendor
281 3676 305 3722 a,
317 3656 347 3722 β.
370 3661 459 3713 Omitt.
474 3662 569 3714 R¹Td
590 3664 633 3715 Ex
644 3664 686 3714 his
697 3662 810 3725 vestigiis
820 3663 947 3724 codicum,
962 3676 1023 3712 nam
1034 3659 1167 3712 Harduino
1179 3658 1224 3707 rix
1235 3658 1297 3707 fides

173 3727 300 3790 habenda,
316 3729 371 3779 iure
387 3731 508 3794 colligere
523 3731 588 3781 mihi
603 3732 698 3794 videor,
715 3731 792 3780 etiam
803 3729 873 3780 bunc
884 3730 970 3780 locum
982 3743 1037 3780 esse
1048 3729 1200 3778 lacunosum
1212 3732 1237 3774 ct
1248 3723 1297 3802 Pe·

172 3795 273 3864 mandre
285 3812 340 3848 esse
351 3798 464 3848 dativum
480 3799 525 3862 qui
543 3799 633 3850 dicitur
645 3797 766 3858 Graecus,
778 3798 820 3846 cui
834 3798 996 3862 participium
1007 3794 1091 3845 muros
1101 3795 1143 3843 vel
1155 3791 1239 3842 simile
1249 3790 1295 3839 alr-

172 3865 244 3926 quod
255 3865 288 3914 sit
299 3866 451 3916 addendum.
464 3907 496 3916 -
508 3863 653 3929 conchasque
664 3881 727 3929 quoe
738 3863 766 3914 id
772 3864 943 3927 pramdmint,
953 3864 1060 3913 Barbar.
1072 3862 1104 3910 R.
1123 3856 1224 3907 conclus
1235 3871 1296 3920 quoe

172 3927 201 3977 id
206 3931 386 3994 mandarunt,
398 3934 467 3984 Tdr.
486 3973 519 3984 ..
540 3931 729 3995 ermritudinem,
740 3934 765 3985 d.
787 3931 908 3984 Ceterum
918 3932 956 3981 R¹
967 3930 1062 3993 ubique
1072 3927 1150 3978 habet
1159 3939 1259 3990 praesta
1271 3931 1296 3974 et

172 3996 232 4046 inde
245 3999 364 4049 derivata.
381 4040 414 4050 ..
432 3999 523 4064 inanes,
533 4001 567 4051 R.
584 3999 610 4049 ia
621 4016 702 4062 uacca,
714 4002 739 4051 d.

207 4065 276 4128 §⁸¹-
293 4064 420 4115 cocdidum
437 4083 526 4130 menae,
541 4063 601 4119 Ro.
627 4067 756 4118 candidum
772 4066 798 4116 in
815 4065 896 4126 bieme,
907 4066 960 4116 Td.
982 4059 1101 4112 candidae
1116 4060 1191 4110 bieme
1205 4075 1296 4121 manae,

172 4131 240 4182 Pina.
256 4126 285 4192 β.
307 4134 341 4185 v.
358 4135 467 4185 Aristot.
482 4135 542 4186 hist.
558 4136 636 4186 enim.
653 4142 677 4196 a,
694 4142 735 4187 ao.
752 4150 778 4199 p.
796 4133 865 4187 corb
882 4140 923 4184 14.
941 4172 974 4183 ..
991 4129 1166 4192 medmtfiont,
1176 4130 1245 4204 Pina
1262 4162 1294 4175 -

171 4196 282 4261 hirundo,
299 4203 336 4250 d².
358 4202 448 4253 Omitt.
464 4202 531 4252 Rdt
551 4201 586 4252 V.
601 4201 710 4255 Aristot.
722 4204 782 4254 hist.
795 4203 872 4255 anim.
888 4207 913 4264 4,
929 4204 953 4251 9.
968 4215 994 4265 p.
1012 4197 1080 4252 5351)
1094 4202 1135 4252 27.
1153 4235 1185 4244 -
1203 4190 1294 4252 mim,

172 4266 218 4318 ΒΞ.
234 4265 304 4333 milia,
315 4261 385 4322 R18.
403 4265 481 4333 malua,
493 4269 511 4318 d
522 4265 563 4332 (in
574 4268 682 4334 rasura)
