2896 4800
367 284 439 330 ura.
455 281 531 329 x111.
562 279 787 328 cnr.1x..x1.
819 275 917 324 sacr.
934 278 1023 323 rann.
1187 258 1250 323 385

174 437 238 505 ΧΙ.
266 438 317 502 20.
346 434 509 501 Cummim
531 443 696 519 optumam
717 451 788 498 esse
810 449 851 496 ex
872 428 1039 516 Aegyptia
1061 426 1153 514 spina
1174 449 1250 494 con·
1265 446 1296 491 co

132 542 230 620 venit,
254 537 503 614 vermiculatam,
526 537 631 600 colore
653 536 779 621 glauco,
801 553 926 619 puram,
944 529 1013 596 sine
1029 529 1155 607 cortice,
1170 529 1251 596 den-

134 642 221 708 tibus
248 640 492 715 adhaerentem
519 637 660 722 pretium
686 635 755 700 eius
779 635 814 699 in
840 632 938 698 libras
959 631 998 697 X
1018 653 1065 697 111.
1101 631 1254 698 Deterior

132 767 174 809 ex
200 740 381 827 amygdalis
408 737 525 803 amaris
551 748 584 803 et
610 757 739 815 ceraso,
766 757 960 823 pessumae
986 733 1108 821 prunis.
1145 735 1201 799 Fit
1222 744 1255 800 et
1268 748 1298 795 er

133 852 165 908 in
179 844 298 909 vitibus
319 841 491 908 infantium
510 839 672 905 ulceribus
693 839 868 925 aptissima,
891 847 923 901 et
944 836 1115 920 aliquando
1136 835 1171 900 in
1185 837 1256 902 olea

134 946 280 1012 dentium
309 942 427 1021 dolori,
463 941 549 1006 ulmo
578 932 676 1006 etiam
708 940 742 1004 in
770 937 897 1024 Coryco
922 948 1031 1003 monte
1059 935 1192 1004 Ciliciae
1218 961 1256 1003 ac

134 1047 280 1133 iunipero
302 1047 345 1110 ad
364 1042 445 1109 nihil
465 1042 576 1119 utiles3
607 1065 648 1108 ex
674 1041 753 1106 ulmi
779 1062 856 1107 vero
878 1040 997 1106 cummi
1017 1048 1049 1104 et
1070 1038 1189 1105 culices
1209 1037 1257 1104 ibi

134 1134 321 1213 nabcuntur.
343 1144 401 1210 Fit
416 1154 449 1210 et
470 1167 489 1210 e
511 1144 736 1211 sarcocolla..
751 1143 797 1208 ita
810 1152 943 1208 vocatur
957 1142 1108 1208 arbor-
1123 1142 1257 1208 cummis

134 1249 305 1315 utilissima
325 1245 503 1333 pictoribus
525 1267 565 1310 ac
584 1244 728 1322 medicis,
751 1243 863 1309 similis
883 1242 997 1329 pollini
1018 1243 1108 1321 turis,
1131 1254 1164 1309 et
1184 1243 1257 1310 idco

136 1349 275 1415 candida
295 1371 393 1433 quam
414 1348 488 1412 rufa
508 1347 636 1423 melior3
658 1346 798 1432 pretium
823 1345 892 1411 eius
914 1345 1002 1429 quod
1022 1367 1129 1432 supra.

136 1458 139 1463 '
179 1452 231 1514 21.
263 1449 416 1516 Nondum
442 1448 598 1535 palustria
630 1447 818 1534 attingimus
850 1469 910 1512 nec
941 1447 1073 1513 frutices
1100 1448 1257 1526 amnium,
1272 1461 1304 1506 68

136 1552 227 1639 prius
249 1563 354 1618 tamen
377 1573 474 1636 quam
488 1550 708 1636 digrediamur
728 1549 768 1614 ab
785 1547 940 1637 Aegypto
962 1559 994 1616 et
1014 1550 1130 1637 papyri
1144 1560 1261 1616 natura

137 1654 273 1734 dicetur,
303 1676 377 1719 cum
398 1653 527 1718 chartae
555 1675 619 1717 usu
639 1674 790 1717 maxume
811 1650 995 1717 humanitas
1016 1651 1102 1718 vitae
1125 1661 1260 1731 constet,

137 1766 224 1822 certe
244 1754 408 1821 memoria.
443 1753 490 1819 Et
509 1754 594 1819 hanc
614 1752 794 1818 Alexandri
815 1754 924 1842 magni
945 1753 1078 1818 victoria
1100 1764 1261 1838 repertam

138 1866 247 1935 auctor
270 1865 320 1921 est
339 1856 388 1921 M.
410 1856 525 1934 Varro,
554 1854 683 1920 condita
708 1853 743 1917 in
764 1853 920 1940 Aegypto
942 1852 1159 1931 Alexandria3
1188 1863 1261 1919 ante

138 1980 177 2022 ea
202 1980 269 2023 nou
296 1957 398 2021 fuisse
425 1955 607 2020 chartarum
633 1976 743 2031 usum,
776 1954 811 2018 in
836 1956 1015 2039 palmarum
1046 1955 1132 2020 foliis
1157 1956 1262 2041 primo

140 2057 364 2144 scriptitatum,
387 2057 462 2121 dein
484 2056 683 2141 quarundam
705 2055 854 2120 arborum
875 2054 975 2120 libris.
998 2054 1116 2121 Postea
1131 2056 1262 2142 publica
1275 2069 1307 2115 co

138 2160 335 2224 monimenta
354 2158 513 2245 plumbeis
535 2156 762 2235 voluminibus,
785 2178 860 2222 mox
876 2159 1049 2244 etprivata
1062 2157 1169 2223 linteis
1183 2178 1260 2222 con-

139 2260 192 2324 fici
219 2269 332 2346 coepta
359 2268 416 2323 aut
442 2260 541 2338 ceris3
571 2259 779 2346 pugillarium
808 2258 894 2323 enim
919 2281 1016 2324 usum
1041 2259 1141 2323 fuisse
1168 2259 1262 2322 etiam

139 2370 213 2424 ante
236 2359 376 2424 Troiana
397 2370 543 2446 tempora
563 2361 744 2425 invenimus
773 2361 862 2446 apud
881 2359 1070 2425 Homerum.
1103 2359 1163 2425 Illo
1185 2381 1262 2426 vero

133 2460 298 2547 prodente
319 2483 360 2526 ne
382 2471 501 2526 terram
522 2461 653 2547 quidem
677 2461 783 2547 ipsam
812 2470 912 2527 totam
939 2462 1041 2526 finisse
1068 2483 1152 2546 quae
1177 2482 1263 2525 nunc

140 2561 314 2650 Aegyptus
334 2562 514 2649 appelletur
532 2562 740 2651 intellegitur,
756 2585 828 2630 cum
843 2564 878 2629 in
893 2561 1109 2649 Sebennytico
1124 2573 1157 2629 et
1172 2558 1263 2630 Saite

174 2771 242 2834 §tt
261 2775 310 2838 mr,
322 2777 354 2825 R.
372 2775 438 2837 mir,
450 2779 474 2827 d.
492 2774 564 2837 Folii,
575 2790 621 2840 ap.
639 2774 713 2837 mair,
724 2770 776 2840 βγ.
795 2814 827 2825 ..
845 2775 877 2837 in,
890 2777 985 2840 Radp.
1003 2792 1039 2835 ex,
1051 2772 1102 2841 βγ.
1121 2775 1179 2828 Om.
1191 2792 1212 2826 r.
1230 2814 1262 2826 .-

141 2840 232 2903 silebas,
243 2858 263 2892 r.
283 2884 314 2892 ..
333 2843 471 2905 insonabas,
483 2847 549 2908 adp.
569 2885 601 2893 -
619 2843 752 2907 aptissima,
764 2843 841 2893 Rau.
859 2843 1012 2906 aptissimum,
1024 2840 1054 2905 β,
1072 2885 1104 2894 ..
1123 2844 1147 2891 in
1159 2842 1218 2905 olea,
1230 2845 1262 2895 R.

141 2908 245 2970 insalsa,
261 2912 306 2959 ad.
328 2908 392 2971 olen,
408 2927 428 2960 r.
451 2926 480 2958 en
492 2908 557 2972 olea,
569 2905 619 2974 βγ.
638 2950 670 2959 ..
696 2908 796 2975 Carpum
807 2912 883 2960 verba
894 2911 1024 2974 Theophr.
1036 2912 1062 2960 h.
1074 2912 1109 2975 pl.
1121 2910 1171 2961 ΠΙ.
1185 2918 1225 2974 14,
1240 2917 1262 2962 1.

140 2977 249 3040 pessime
261 2991 277 3025 a
288 2977 372 3026 Plinio
384 2984 488 3040 accepta
498 2992 554 3026 esse
566 2985 625 3040 post
637 2979 702 3026 alios
715 2979 790 3026 docet
800 2977 919 3027 Schneid.
932 2980 964 3028 ad
976 2978 1024 3028 IX.
1038 2984 1062 3037 l,
1078 2986 1101 3028 2.
1119 2991 1144 3042 p.
1163 2983 1228 3031 708.
1238 2988 1264 3030 ct

142 3043 307 3093 adNicandr.
319 3044 397 3093 Alex.
411 3049 468 3092 los.
486 3084 518 3092 ...
537 3043 647 3106 iunipiro,
658 3045 691 3094 R.
710 3084 742 3092 ..
765 3043 944 3103 utiles,Radr.
971 3039 1075 3105 utilass.
1101 3043 1174 3105 alilah,
1185 3059 1211 3109 γ.
1229 3085 1262 3095 .-

141 3108 207 3170 alibi,
219 3124 239 3160 r.
252 3149 284 3159 ..
303 3125 322 3169 e,
335 3111 388 3159 Ra.
406 3125 443 3169 ea,
456 3111 479 3159 d.
497 3125 533 3170 ex,
545 3105 596 3175 βγ.
610 3151 642 3160 -
659 3109 756 3174 panni,
767 3103 796 3170 β.
814 3117 836 3157 et
847 3109 951 3171 amna,
963 3112 1038 3160 Rad.
1052 3151 1084 3160 ...
1102 3110 1263 3162 antumna-

140 3174 470 3241 ainilis..cnndidn..rnfa,
492 3175 585 3238 melnr,
605 3178 679 3229 Rad.
709 3177 835 3228 Neutrum
851 3191 931 3240 genus
947 3178 1042 3242 ubique
1058 3179 1163 3230 exhibet
1177 3175 1206 3240 β.
1231 3218 1263 3229 ..

141 3243 211 3293 etium
224 3241 284 3308 ideo,
294 3245 327 3296 R.
957 3300 959 3304 ,

174 3344 190 3407 ξ
203 3353 243 3399 68.
261 3346 411 3412 attingimus,
426 3349 480 3399 Ra.
504 3346 633 3413 arripimus,
645 3343 716 3414 ᾱβγ.
735 3346 855 3400 Ceterum
866 3348 893 3399 in
904 3347 953 3398 hac
969 3355 995 3400 et
1005 3359 1075 3412 seqq.
1087 3346 1264 3412 paragraphis,

142 3428 207 3477 quae
219 3415 251 3466 de
261 3431 358 3480 papyro
370 3417 475 3481 eiusque
485 3433 534 3468 usu
545 3424 632 3480 agunt,
644 3423 683 3467 tot
693 3424 797 3480 tamque
807 3416 893 3467 futiles
905 3417 1064 3468 coniecturae
1082 3431 1098 3464 a
1107 3416 1167 3465 viris
1181 3414 1264 3465 doctis

142 3488 201 3530 sunt
215 3484 374 3547 propositae,
390 3493 420 3535 ut
434 3486 512 3535 modo
531 3487 656 3536 delectum
673 3500 759 3536 earum
774 3499 849 3548 agere
865 3485 944 3536 satius
960 3485 1060 3535 ducam.
1082 3484 1114 3535 In
1125 3484 1198 3533 nullo
1210 3482 1263 3533 fere

141 3548 201 3596 loco
213 3563 293 3612 acque
303 3550 417 3600 Plinium
428 3553 512 3615 ipsum
524 3554 659 3603 emendare
671 3555 829 3603 studuerunt.
848 3592 880 3602 ...
907 3551 1012 3610 chartae,
1023 3554 1076 3603 Rd.
1094 3559 1176 3614 parte,
1188 3566 1212 3599 a.
1231 3586 1263 3599 ..

142 3620 241 3676 constet,
258 3616 302 3665 ad.
321 3621 410 3664 constet
423 3624 456 3676 et,
474 3612 555 3681 Ββγ.
568 3626 679 3679 „certa
691 3621 723 3669 R.
742 3619 830 3670 Omitt.
843 3609 935 3683 adssy.
954 3660 985 3668 ..
1004 3617 1168 3679 Alexandrea,
1180 3621 1211 3669 R.
1231 3655 1263 3666 ..

143 3688 199 3730 ante
211 3697 248 3743 ea,
259 3681 291 3732 R.
309 3686 389 3744 antea,
402 3678 496 3747 adssy.
516 3723 548 3734 ..
566 3685 599 3747 in,
612 3699 663 3734 om.
674 3701 694 3734 r.
713 3725 745 3734 ..
763 3683 824 3746 dein,
836 3688 909 3736 Rad.
927 3684 1018 3748 deinde,
1030 3682 1081 3749 βγ.

178 3786 249 3847 §aa
271 3781 343 3843 ceris,
359 3782 391 3832 R.
419 3779 492 3844 can,
509 3784 571 3832 ad¹.
592 3782 680 3845 scedis,
697 3784 762 3833 Td2.
784 3781 889 3846 schedis,
905 3801 918 3834 r
934 3783 1020 3847 (codd.
1036 3786 1187 3836 Barbariet
1204 3784 1261 3836 cod.

143 3851 230 3902 Ouiae.
248 3867 288 3915 ap.
305 3850 427 3913 Scaliger.
443 3864 545 3914 opuscc.
559 3866 585 3915 p.
600 3850 664 3914 lt),
677 3854 744 3914 quod
756 3851 865 3915 praefert
883 3852 998 3904 Oudend.
1020 3856 1053 3904 ad
1074 3855 1145 3905 Suet.
1165 3854 1262 3905 Lucan.

142 3935 168 3983 p.
181 3925 238 3970 996.
260 3960 293 3969 ..
319 3917 462 3978 Homerum,
479 3916 616 3980 11.t,1ca
633 3960 665 3969 ..
685 3919 890 3983 terram-ipsam,
902 3921 956 3970 Rd.
975 3921 1137 3984 terre-ipsa,
1150 3937 1182 3972 ar
1194 3920 1263 3985 (cod.

143 3987 230 4036 Ouiae.
241 4002 283 4052 ap.
295 3986 416 4047 Scaliger.
429 4000 529 4050 opuscc.
541 4001 567 4050 p.
580 3984 635 4049 24.)
645 4001 671 4052 γ.
690 4027 722 4036 ..
742 3994 812 4035 totam
821 3986 914 4050 satire,
931 3988 981 4039 hoc
992 4005 1026 4040 ex
1036 3985 1058 4050 β
1070 3991 1194 4040 revocem.
1213 3995 1264 4040 totu

142 4052 229 4114 faisse,
244 4069 264 4103 r.
287 4055 377 4105 cnut.
394 4054 491 4105 RTad
507 4050 576 4116 (cod.
594 4053 681 4105 Ouiae.
697 4069 738 4117 ap.
756 4054 849 4120 scalig.
864 4071 890 4120 p.
903 4054 958 4119 23.)
969 4069 994 4122 r.
1022 4097 1054 4107 ..
1080 4056 1219 4122 appelletur,
1230 4058 1263 4110 R.

145 4120 234 4170 Omin.
246 4118 338 4185 αᾱβγ.
356 4161 389 4171 ..
406 4120 568 4188 Sebennytico,
580 4123 684 4173 Barbar.
702 4121 791 4172 Sebent
802 4123 887 4187 nytico,
899 4124 931 4174 R.
949 4123 1186 4189 &henrimannum
1205 4124 1262 4177 Sar·

145 4186 198 4305 ring
210 4187 339 4305 Guilpgud.
352 4191 382 4238 de
393 4204 490 4255 papyro
501 4206 527 4255 p.
540 4194 580 4240 49.
598 4231 630 4240 ..
649 4196 672 4237 et
683 4188 764 4254 Scite,
776 4192 807 4241 R.
834 4189 953 4255 ertultenr,
966 4194 1009 4244 ad.
1018 4192 1131 4321 2s5alten,
1142 4189 1193 4260 βγ.

200 4268 253 4304 ma.
299 4292 305 4306 .
