2896 4800
138 217 201 282 394
486 234 690 284 unrnnaus
712 234 906 285 msroarnn

60 392 68 409 '
138 409 293 477 magnum
320 388 384 454 iam
409 386 484 455 huic
516 386 623 453 arbori
647 388 800 455 honorem
828 386 958 467 tribuit,
989 398 1182 456 memoratas
1215 413 1259 456 ex

140 511 178 556 ea
208 490 354 555 referens
386 489 578 575 templorum
609 498 753 556 veterum
785 488 1039 576 contignationes
1074 491 1256 574 quandam-

138 611 213 674 que.
231 590 492 657 inmortalitatem
522 590 674 657 materiae
705 590 739 656 in
771 590 863 657 tectis
895 599 1007 656 contra
1037 591 1117 657 vitia
1147 592 1259 657 omnia

136 691 356 779 incorruptae3
389 691 498 758 radice
529 690 609 758 nihil
643 691 780 779 crispius
813 714 874 759 nec
906 692 1037 759 aliunde
1063 693 1260 781 pretiosiora
1274 712 1322 758 roa

137 816 250 881 opera,
282 793 490 880 praecipuam
511 803 620 858 autem
639 815 711 860 esse
734 816 804 859 eam
825 792 972 860 arborem
994 795 1078 861 circa
1098 795 1258 862 Hammo·

136 894 187 960 nis
216 895 402 975 delubrum,
428 895 519 961 nasci
545 894 638 962 etin
662 894 814 961 inferiore
842 892 1041 980 Cyrenaicae
1067 908 1168 983 parte.
1201 897 1259 964 De

136 993 257 1061 mensis
279 1005 386 1064 tamen
407 997 508 1064 tacuit
514 1022 524 1078 3
548 1005 579 1064 et
599 996 679 1062 alias
699 996 817 1062 nullius
838 1006 913 1063 ante
934 994 1177 1064 Ciceronianam
1198 1020 1259 1065 ve·

137 1097 252 1163 tustior
270 1098 425 1164 memoria
445 1109 506 1178 est,
527 1119 611 1183 quae
632 1099 780 1165 noviciae
801 1099 967 1185 adparent.

178 1200 231 1265 31.
262 1199 339 1267 Alia
361 1211 411 1266 est
431 1199 528 1267 arbor
547 1199 660 1267 eodem
679 1200 820 1281 nomine,
841 1200 961 1266 mulum
981 1200 1087 1268 ferens
1105 1222 1257 1267 exsecra-
1273 1219 1321 1264 loa

136 1309 206 1365 tum
232 1300 348 1387 aliquis
376 1301 474 1369 odore
502 1311 536 1368 et
563 1301 787 1382 amaritudine,
819 1301 891 1368 aliis
918 1302 1106 1390 expetitum,
1139 1302 1258 1369 domus

136 1401 234 1467 etiam
255 1402 421 1482 decorans,
443 1425 504 1470 nec
525 1402 662 1470 dicenda
681 1403 857 1470 verbosius.

178 1502 296 1570 XVII.
316 1504 369 1568 32.
401 1503 528 1569 Eadem
555 1502 682 1583 Africa,
709 1525 773 1589 qua
800 1504 907 1593 vergit
930 1503 977 1569 ad
996 1526 1067 1584 nos,
1094 1503 1258 1590 insignem
1273 1522 1322 1568 104

136 1603 283 1670 arborem
310 1605 404 1670 loton
426 1603 533 1694 gignit
561 1625 660 1689 quam
679 1614 796 1671 vocant
817 1605 938 1686 celtim,
965 1615 998 1674 et
1017 1606 1124 1693 ipsam
1143 1605 1258 1672 Italiae

136 1703 324 1772 familiarem
356 1706 415 1772 sed
442 1716 529 1772 terra
553 1716 720 1786 mutatam,
748 1704 932 1792 Praecipua
958 1716 1009 1773 est
1033 1707 1119 1774 circa
1148 1703 1257 1793 Syrtis
1349 1766 1355 1775 .

137 1817 234 1891 atque
255 1806 471 1886 Nasamonas3
502 1807 690 1894 magnitudo
715 1829 798 1893 quae
823 1808 907 1893 piro,
933 1830 1126 1895 quamquam
1144 1806 1258 1895 Nepos

138 1904 308 1976 Cornelius
329 1908 463 1977 brevem
485 1908 592 1974 tradit.
612 1907 779 1975 Incisurae
800 1909 878 1977 folio
892 1908 1080 1990 crebriores,
1101 1931 1184 1994 quae
1204 1909 1257 1974 ili·

138 2006 185 2074 cis
206 2008 371 2088 videntum
400 2009 601 2076 differentiae
627 2010 747 2096 plures,
777 2032 897 2096 eaeque
923 2033 1074 2077 maxume
1098 2009 1258 2077 fructibus

136 2108 226 2176 fiunt.
255 2110 450 2200 Magnitudo
469 2111 546 2177 huic
566 2111 671 2190 fabae,
693 2111 778 2178 color
798 2112 894 2191 croci,
917 2114 975 2179 sed
996 2123 1069 2178 ante
1089 2111 1321 2178 maturitas-10⁵

137 2221 202 2278 tem
228 2211 311 2279 alius
338 2223 435 2298 atque
461 2213 544 2279 alins
566 2213 649 2279 sicut
675 2213 756 2280 uvis.
788 2213 939 2279 Nascitur
961 2214 1079 2280 densus
1105 2214 1140 2278 in
1159 2212 1258 2278 ramis

136 2315 235 2400 myrti
255 2315 361 2395 modo,
385 2334 454 2382 non
474 2325 511 2381 ut
531 2315 567 2380 in
587 2314 681 2382 Italia
702 2315 814 2395 cerasi,
844 2326 909 2381 tam
931 2317 1035 2383 dulcis
1060 2316 1106 2383 ibi
1127 2315 1200 2382 cibo
1220 2324 1260 2381 ut

137 2439 255 2484 nomen
284 2417 382 2484 etiam
407 2417 498 2504 genti
523 2426 692 2502 terraeque
719 2416 846 2483 dederit
871 2417 968 2509 nimia
987 2417 1139 2505 hospitali
1159 2417 1259 2483 adve-

136 2540 252 2583 narum
272 2517 431 2585 obhvione
451 2517 591 2605 patriae3
618 2518 724 2584 ferimt
745 2517 866 2586 ventris
886 2541 952 2586 non
973 2520 1090 2587 sentire
1110 2519 1258 2586 morbum

137 2618 193 2703 qui
215 2641 289 2684 eum
310 2619 473 2685 mandant.
494 2617 613 2685 Melior
627 2619 695 2685 sine
708 2618 860 2686 interiore
877 2619 1002 2700 nucleo,
1024 2620 1081 2707 qui
1101 2621 1136 2687 in
1156 2621 1257 2686 altero
1273 2633 1321 2682 rot

140 2741 260 2808 genere
281 2742 394 2786 osseus
415 2718 553 2785 videtur.
584 2718 706 2786 Vinum
726 2742 854 2806 quoqne
875 2722 1067 2808 exprimitur
1085 2723 1133 2790 illi
1154 2720 1257 2788 simile

138 2819 254 2900 mulso,
288 2820 375 2908 quod
405 2822 491 2887 ultra
522 2820 623 2887 denos
655 2821 725 2888 dies
755 2832 854 2910 negat
879 2823 996 2890 durare
1023 2824 1110 2890 idem
1134 2821 1255 2912 Nepos,

139 3008 191 3057 qua
205 2993 325 3046 effectum
341 3002 392 3059 cst,
407 3004 437 3047 nt
451 2997 479 3049 in
493 2991 538 3062 βγ
552 2997 653 3060 legatur
667 3012 729 3061 quur
744 2996 822 3060 circa,
839 2998 884 3049 nbi
899 3012 1042 3062 pronomen
1053 3001 1189 3051 delendum
1199 2996 1257 3049 init.

138 3060 252 3113 Intuenti
267 3079 326 3114 vero
341 3065 474 3128 vulgatam
494 3066 626 3128 hueusque
646 3065 797 3130 scripturam
816 3065 904 3130 inepta
922 3069 1047 3129 quaedam
1069 3068 1212 3133 loquacitas
1232 3071 1259 3117 et

121 3130 295 3183 'abundantia
302 3133 329 3183 in
337 3133 425 3183 oculos
433 3133 654 3194 incurratnecesse
662 3141 708 3194 est,
717 3148 776 3185 cum
785 3135 821 3183 ita
832 3135 1259 3186 duabnsPlinina-snuntiationibns

137 3205 224 3249 utatur
234 3201 267 3250 ad
279 3215 336 3251 eam
348 3216 402 3252 rem
413 3203 559 3261 notandam,
568 3215 633 3265 qnae
640 3201 723 3252 multo
732 3202 871 3265 simplicius
885 3201 1011 3252 continua
1018 3203 1134 3253 oratione
1145 3201 1258 3251 effertur.

137 3266 172 3316 Et
183 3267 247 3317 mire
257 3267 370 3331 proiecto
382 3268 576 3332 Theophrastus
588 3269 678 3318 dicitur
689 3275 772 3319 aetate
782 3268 835 3319 iere
845 3269 988 3320 Alexandri
998 3271 1085 3333 magni
1096 3271 1123 3318 in
1133 3270 1198 3318 libro
1210 3268 1258 3316 ali·

139 3347 191 3397 quo
201 3348 231 3383 ea
239 3335 406 3400 descripsisse,
410 3351 475 3399 quae
483 3337 573 3385 eadm
580 3336 767 3394 aetateRomae
775 3345 849 3400 gesta
856 3345 927 3400 sunt;
936 3345 961 3388 et
969 3337 1085 3401 quianam
1093 3337 1196 3385 tandem
1206 3333 1258 3383 fnit

138 3400 185 3450 ille
195 3401 276 3452 liberi
293 3402 368 3454 Certe
381 3417 412 3452 eo
431 3403 498 3463 loco,
514 3417 589 3466 quem
603 3403 703 3454 Plinius
715 3404 819 3468 respicit
832 3401 873 3467 (h.
883 3405 920 3469 pl.
930 3405 965 3456 V.
975 3411 999 3466 8,
1010 3400 1054 3465 7.),
1067 3403 1118 3452 tale
1131 3401 1192 3465 qnid
1202 3415 1258 3451 non

139 3465 250 3518 affertur.
267 3469 326 3519 Huc
342 3469 452 3531 amodit,
469 3470 538 3532 quod
548 3469 630 3519 scribit
640 3485 670 3519 ec
681 3486 742 3535 quoe
751 3479 820 3536 cestu
830 3479 885 3521 aaut
894 3487 986 3536 param
995 3470 1086 3523 Latine
1098 3469 1197 3519 dicitur.
1215 3466 1257 3520 Si·

138 3535 227 3595 milam
239 3536 360 3601 temporis
372 3536 582 3600 significationem
594 3538 672 3588 hahes
685 3545 726 3600 33,
740 3544 796 3590 113.
809 3579 842 3590 ..
858 3547 997 3602 mammete,
1007 3540 1054 3590 ad.
1066 3578 1100 3589 ..
1111 3535 1258 3601 templorum,

139 3617 191 3663 om.
203 3603 270 3654 Pint.
288 3643 321 3655 ...
338 3603 425 3666 omnm,
440 3595 555 3656 Orode.
573 3603 642 3669 omni,
653 3600 683 3667 β.
701 3646 733 3656 -
750 3605 896 3672 incompta,
908 3609 982 3660 rau

172 3697 257 3761 3102.
275 3695 468 3758 ucculum,'1¹d.
486 3720 520 3747 ..t
536 3697 570 3759 in,
583 3699 664 3748 omitt.
677 3699 723 3748 ad.
741 3740 773 3750 ..
794 3697 915 3764 inferiore,
926 3702 987 3751 adr.
1009 3697 1128 3761 inuriore,
1138 3693 1168 3760 β.
1189 3696 1258 3748 Neu·

139 3770 206 3814 trum
219 3765 480 3829 agnoscit'I'haophr.
503 3805 536 3815 ..
562 3761 889 3833 quue,'1¹adr.aaquc,ss.
915 3807 948 3818 ..
973 3767 1076 3817 maitiae
1087 3772 1213 3832 apparent,
1228 3756 1257 3813 θ.

139 3830 242 3887 caritha
253 3839 362 3897 apparet,
374 3833 419 3884 ad.
436 3830 526 3881 πουίίία
536 3841 647 3898 apparet,
658 3835 727 3899 Try.

139 3924 261 4041 mim}
268 3922 360 4058 sw,
372 3926 397 3976 d.
415 3930 499 3988 meus,
509 3939 533 3977 a
551 3932 668 3988 teneaat.
686 3967 719 3979 ..
736 3924 831 3991 dumi,
843 3929 888 3980 ad.
905 3924 1032 3992 drbuibru,
1043 3921 1095 3993 βγ.
1114 3966 1146 3977 -
1168 3896 1258 3986 domm

261 4027 268 4054 ,
346 4027 353 4041 .

174 4072 259 4135 5104.
276 4075 460 4136 etomittad.
472 4075 709 4129 Ceterumv.'l'hso
727 4077 765 4130 hr.
777 4078 804 4129 h.
833 4077 911 4129 LIV.
923 4083 948 4139 3,
962 4077 1260 4143 1...Nepcs,tragmm

140 4092 797 4210 p.375.sd.Hens...truditda-trudotddy...
858 4143 864 4155 '
901 4146 975 4208 aatf
998 4144 1003 4156 '
1031 4143 1261 4208 moubrai-

67 4270 70 4282 Κ
141 4220 211 4257 arras
227 4203 390 4272 habeatsoliu
404 4211 498 4265 omisso
514 4210 649 4269 crebriores.
664 4213 732 4265 Pur.
755 4213 787 4265 ..¹
808 4227 881 4276 quoe,
898 4224 918 4264 r.
941 4211 994 4276 oui,
1033 4209 1102 4275 (cod.
1116 4213 1260 4280 optimap.
