2896 4800
431 279 500 324 nm.
518 280 578 325 xv.
607 279 684 325 aar.
700 278 802 324 xv111.
834 277 932 325 sucu.
948 279 979 320 m.
1199 261 1262 325 467

141 435 307 499 fortuitam
329 430 588 514 celeritatemque
611 452 724 494 cursus
746 453 787 493 an
802 427 1036 494 vehementiam
1051 429 1133 494 viri?
1156 427 1263 516 Super
1278 425 1308 493 'aa

140 535 247 600 omnia
269 543 327 610 est,
350 555 414 617 quo
435 532 514 597 nihil
536 532 685 615 equidem
707 531 791 596 duco
818 529 1006 608 mirabilius,
1034 541 1156 596 tantam
1176 533 1263 597 illam

139 637 254 702 urbem
280 644 313 700 et
341 635 382 700 de
408 644 564 698 terrarum
590 634 666 699 orbe
693 656 752 719 per
774 655 840 697 cxx
862 655 963 698 annos
989 634 1148 698 aemulam
1168 635 1264 699 unius

139 738 227 824 pomi
249 747 438 823 argumento
461 759 616 814 eversam,
640 736 726 820 quod
747 758 812 800 non
834 734 953 800 Trebia
975 744 1030 799 aut
1044 735 1263 812 Trasimenus,

139 861 204 904 non
220 837 351 903 Cannae
366 837 462 903 busto
476 838 621 926 insignes
636 836 775 902 Romani
791 836 929 901 nominis
942 836 1098 921 perficere
1119 845 1263 923 potuere,

139 964 204 1006 non
226 952 330 1006 castra
342 939 468 1005 Punica
489 940 530 1004 ad
553 939 682 1004 tertium
704 937 846 1024 lapidem
859 939 977 1003 vallata
990 947 1168 1024 portaeque
1184 936 1263 1005 Col-

139 1044 224 1108 linae
245 1041 436 1126 adequitans
457 1041 528 1127 ipse
549 1040 732 1117 Hanniba13
763 1051 850 1105 tanto
877 1041 1010 1127 propius
1034 1038 1264 1130 Carthaginem

139 1167 233 1230 pomo
256 1143 338 1209 Cato
360 1144 512 1208 admovit.
537 1140 665 1209 Colitur
685 1143 767 1208 ficus
788 1143 884 1209 arbor
904 1142 939 1206 in
960 1143 1032 1208 foro
1052 1142 1124 1228 ipso
1145 1164 1184 1208 ac
1207 1164 1262 1206 oo·
1278 1155 1308 1202 ⁷7

139 1245 229 1310 mitio
244 1244 366 1310 Romae
387 1254 473 1323 nata,
497 1267 589 1310 sacra
610 1243 796 1331 fulguribus
815 1244 861 1310 ibi
882 1243 1020 1309 conditis
1039 1243 1207 1330 magisque
1221 1240 1263 1306 ob

139 1347 326 1412 memoriam
347 1345 417 1411 eius
438 1368 521 1430 quae
549 1347 660 1411 nutrix
680 1345 810 1410 Romuli
832 1367 870 1410 ac
891 1345 986 1410 Remi
1012 1345 1185 1412 conditoris
1210 1342 1263 1407 in-

139 1449 210 1536 peri
231 1449 265 1512 in
286 1447 460 1533 Lupercali
481 1449 585 1534 prima
605 1447 758 1534 protexit,
780 1447 947 1511 ruminalis
968 1448 1137 1532 appellata,
1159 1467 1263 1529 quon-

139 1550 204 1614 iam
227 1549 286 1614 sub
310 1572 348 1615 ea
361 1550 492 1614 inventa
506 1560 556 1615 est
570 1550 647 1634 lupa
661 1548 840 1614 infantibus
854 1548 1017 1634 praebens
1032 1548 1149 1612 rumim
1161 1603 1200 1612 ..
1217 1547 1264 1613 ita

140 1652 297 1718 vocabant
310 1673 481 1715 mammam
489 1699 541 1729 ..,
553 1651 708 1716 miraculo
723 1674 764 1716 ex
778 1672 852 1714 aere
866 1649 959 1716 iuxta
973 1651 1089 1730 dicato,
1102 1661 1264 1735 tamquam

139 1750 174 1816 in
201 1752 364 1817 comitium
394 1764 508 1838 sponte
536 1755 702 1817 transisset
729 1750 811 1816 Atto
837 1750 944 1816 Navio
976 1762 1169 1838 augurante3
1204 1773 1264 1817 neo

140 1851 208 1918 sine
229 1854 399 1939 praesagio
421 1853 528 1937 aliquo
550 1853 668 1918 arescit
687 1873 866 1935 rursusque
888 1873 965 1917 cura
985 1852 1189 1918 sacerdotum
1210 1873 1262 1916 se·

139 2022 234 2087 imperii
247 2025 264 2073 i.
277 2039 298 2073 e.
311 2024 381 2073 initia
398 2023 498 2089 imperii,
511 2041 598 2090 pueros
615 2023 734 2086 lactentes,
752 2024 841 2073 eodem
853 2024 931 2074 modo
943 2025 969 2075 h.
983 2026 1001 2075 l.
1015 2026 1133 2075 dicuntur
1143 2025 1181 2074 uti
1192 2027 1262 2088 apud

139 2092 241 2142 Livium
252 2097 277 2153 8,
290 2097 313 2142 8.
337 2090 402 2155 quod
416 2091 507 2153 bellum,
524 2092 548 2141 si
561 2091 642 2156 prima
657 2091 737 2140 statim
750 2090 992 2155 propensissimam,
1008 2089 1076 2141 laud
1086 2091 1155 2140 dubie
1166 2089 1201 2140 ud
1210 2091 1262 2142 Ro-

139 2175 222 2208 manos
235 2159 393 2224 peruenisset,
417 2169 443 2211 et
465 2175 530 2223 qnae
551 2161 658 2211 similius
676 2161 753 2210 etiam
769 2160 890 2222 leguntur
906 2174 947 2224 ap.
965 2162 1085 2211 Tacitum
1101 2161 1159 2210 hist.
1177 2166 1202 2220 3,
1219 2166 1261 2210 46.

136 2227 219 2291 pn'ma
229 2243 307 2276 rerum
320 2227 394 2291 quieti
404 2225 494 2291 (Daci)
506 2226 696 2292 speculabantur.
713 2227 775 2291 Ipsa
786 2235 872 2276 autem
882 2230 959 2277 verba
968 2227 1072 2290 proterit
1079 2227 1160 2291 prima
1169 2226 1264 2290 imperii

140 2302 199 2358 apte
216 2296 336 2359 componi
353 2304 460 2360 possunt
476 2311 535 2345 cum
551 2297 633 2345 Tacit.
651 2310 709 2344 ann.
724 2301 769 2355 13,
783 2300 822 2345 58.
846 2309 908 2357 quae
924 2293 1012 2357 (arbor
1028 2292 1173 2356 ruminalis)
1190 2293 1264 2344 Remi

139 2360 281 2426 Romulique
296 2362 425 2425 infantiam
443 2370 541 2414 termut
567 2365 609 2413 De
624 2362 664 2413 Lu
684 2363 761 2413 ercali
771 2378 795 2411 v.
807 2362 915 2425 Dionys.
926 2364 987 2413 Hal.
1001 2369 1023 2425 1,
1037 2364 1077 2412 79.
1094 2358 1140 2411 καὶ
1157 2360 1189 2426 ἦν
1206 2360 1260 2427 γάρ

139 2444 181 2486 τις
197 2427 229 2477 οὐ
246 2425 314 2479 πολὺ
332 2426 385 2478 ἀπέ
403 2445 440 2478 ων
459 2427 538 2496 ἱερὸς
549 2430 645 2497 χῶρος
661 2378 709 2498 diu
727 2426 831 2511 βαθεῖα
849 2444 948 2496 συνηρε
972 2427 1007 2496 l<
1021 2425 1066 2478 καὶ
1084 2427 1171 2494 πέτρα
1182 2427 1259 2496 κοίλη

138 2493 230 2564 πηγὰς
240 2494 359 2546 ἀνιεῖσα·
373 2443 484 2562 dle'rrra
491 2493 550 2579 peip
563 2491 657 2555 Πανὸς
666 2479 736 2546 εἶναι
748 2493 779 2546 τὸ
792 2510 877 2555 rara<
886 2493 931 2545 καὶ
943 2445 1044 2559 βωμὸς
1057 2494 1089 2561 ἦν
1103 2494 1199 2547 αὐτόθι
1212 2497 1260 2546 τοῦ

138 2562 208 2613 θεοῦ
215 2580 222 2594 ·
236 2561 280 2623 εἰς
290 2566 370 2616 τοῦτο
382 2563 413 2617 τὸ
422 2580 526 2632 proptor
540 2562 661 2616 ἐλθοῦσα
673 2565 702 2630 (ἡ
714 2561 839 2627 λύκαινα)
849 2561 1056 2629 ἀποκρύπτεται.
1070 2601 1102 2615 -
1120 2565 1204 2614 rumim
1216 2564 1260 2626 ita,

138 2633 173 2684 D.
195 2633 315 2696 ruminae,
328 2651 351 2684 a.
374 2635 502 2698 ruminata,
515 2636 539 2685 d.
566 2633 701 2694 reuerita,
717 2629 769 2698 pir.
787 2675 819 2684 ..
838 2631 951 2682 mumulo
968 2649 998 2681 ea
1013 2649 1068 2682 aere
1085 2632 1154 2682 iuxta
1170 2632 1258 2692 dicato,

138 2700 200 2765 lupa
217 2717 309 2766 pueros
325 2703 444 2753 uberibus
456 2704 507 2753 suis
518 2704 654 2753 nutriente.
676 2703 785 2752 Becker.
797 2708 859 2751 antt.
872 2702 948 2751 Rom.
963 2707 985 2751 1.
998 2716 1023 2765 p.
1036 2707 1093 2756 293.
1106 2717 1139 2751 ex
1149 2703 1258 2766 Dionys.

138 2769 198 2819 Hul.
210 2771 228 2820 l.
240 2770 258 2820 l.
271 2773 402 2821 contendit
413 2772 577 2821 simulacrum
589 2773 658 2822 illius
670 2772 746 2834 lupae
757 2772 790 2820 ad
800 2770 897 2820 radices
905 2770 999 2820 Palatii
1011 2771 1038 2819 in
1048 2769 1169 2821 Germalo
1181 2770 1260 2820 luisse

137 2838 259 2901 positum,
276 2854 359 2901 neque
376 2841 407 2888 de
424 2839 528 2888 comitio
545 2854 600 2889 esse
617 2840 794 2900 cogitandum»
814 2837 852 2887 At
869 2838 931 2901 quid
947 2846 1002 2887 tum
1020 2840 1051 2888 de
1068 2839 1192 2888 hocloco
1209 2846 1259 2888 sta·

138 2910 247 2964 tuemur,
263 2905 308 2953 ubi
318 2906 381 2954 ficus
392 2905 524 2954 ruminalis
535 2906 563 2954 in
575 2906 678 2954 comitio
689 2913 750 2954 natu
761 2912 786 2954 et
798 2905 961 2955 simulacrum
978 2905 1043 2955 illud
1058 2905 1132 2956 iuxta
1147 2907 1260 2970 positum

138 2972 221 3020 verbis
238 2973 304 3020 adeo
316 2972 390 3020 claris
408 2973 656 3021 commemorantur?
674 2973 735 3034 quid
751 2986 829 3034 porro
842 2972 873 3020 de
884 2973 967 3022 verbis
979 2973 1109 3023 Ciceronis
1122 2974 1196 3023 Cutil.
1209 2974 1258 3022 ΠΙ.

138 3041 163 3099 8,
177 3042 217 3087 19.
235 3044 312 3086 tuctur
322 3044 358 3084 est
369 3035 414 3099 (de
425 3036 509 3100 caelo)
523 3038 593 3086 ettam
606 3035 654 3099 ille,
667 3037 780 3101 quibam
791 3038 872 3086 urbem
883 3037 995 3100 coadidit,
1007 3038 1131 3101 Romulum
1144 3056 1210 3102 quem
1223 3041 1259 3088 ia-

138 3112 250 3153 auratum
266 3104 291 3153 ia
310 3099 435 3168 Capitolio,
449 3120 553 3168 parvum
569 3113 640 3168 atque
657 3103 791 3167 lacunam,
813 3105 922 3154 uberibus
939 3103 1027 3169 lupinis
1043 3105 1170 3155 inhiantur
1179 3107 1260 3170 fumea

139 3171 295 3223 meministis?
307 3173 356 3223 His
368 3189 402 3223 ex
411 3174 475 3223 locis
487 3174 563 3235 clare,
574 3181 645 3237 puto,
662 3181 768 3237 apparet
777 3174 852 3238 plura
863 3174 976 3224 eiusdem
986 3173 1023 3223 rei
1035 3175 1171 3224 simulacra
1181 3174 1260 3225 fuisse

137 3242 244 3301 Romae,
261 3242 294 3291 ab
311 3241 367 3292 aliis
384 3241 530 3292 homiuibus
547 3243 600 3290 alio
617 3248 732 3305 tempore
749 3243 782 3291 ob
799 3241 875 3291 aliam
888 3257 990 3292 causum
1007 3243 1135 3306 dedicata3
1152 3242 1260 3292 fortasse

138 3308 215 3358 etiam
231 3324 311 3358 unum
328 3309 467 3359 alterumve
484 3325 572 3359 eorum
589 3311 649 3358 loco
667 3324 713 3359 suo
730 3317 829 3358 motum
846 3316 889 3359 est.
908 3351 941 3360 ..
958 3308 1017 3358 Atto
1029 3309 1111 3360 Nauia
1128 3318 1260 3372 aupurame

138 3392 180 3455 aec
190 3376 241 3426 siae
248 3376 380 3442 praesapio
391 3376 472 3441 aliqua
484 3376 578 3438 arescit,
589 3378 624 3428 D.
646 3376 705 3426 Auo
716 3375 824 3441 Nauipio
835 3376 919 3440 aliqua
930 3393 956 3426 re
966 3376 1018 3439 seit,
1031 3394 1054 3428 a.
1080 3378 1139 3428 Ara
1151 3377 1260 3443 Navipia

138 3443 994 3577 alterutrum,{lmrmttdztttsstttattf’
1005 3446 1259 3579 liabi'illll?

137 3575 194 3626 Illic
205 3579 299 3641 crearit,
312 3581 391 3630 Hard.
404 3594 429 3645 γ.
453 3582 516 3631 Post
533 3583 634 3644 egregia
650 3583 829 3645 supplementa
845 3597 878 3630 ex
889 3582 914 3631 D
927 3599 943 3631 a
953 3583 1026 3631 nobis
1037 3591 1140 3646 recepta
1151 3584 1259 3646 longum

138 3645 270 3696 ridebatur
282 3648 437 3698 coniecturas
450 3648 480 3697 de
492 3648 518 3697 h.
530 3649 547 3698 l.
561 3656 586 3699 et
597 3651 628 3698 de
638 3649 721 3698 verbis
733 3649 902 3711 superioribus
914 3663 930 3697 a
941 3650 1071 3711 Tumebo‚
1083 3651 1259 3714 Dalecamp10‚

138 3712 277 3777 scaligero,
294 3714 429 3776 salmasio,
448 3714 588 3777 Gronorio,
599 3716 721 3776 Mallem,
736 3717 853 3765 Beckero
864 3717 976 3779 prolatas
989 3718 1072 3766 denuo
1084 3717 1181 3779 afferre,
1193 3733 1259 3781 qnae

139 3796 228 3832 omnes
243 3783 324 3832 verbis
340 3783 429 3832 misere
445 3784 568 3833 mutilatis
585 3791 610 3833 et
626 3785 751 3846 corruptis
766 3785 888 3833 nituntur.
909 3785 968 3834 Una
983 3784 1033 3834 fuit
1048 3786 1111 3836 ficus
1127 3786 1259 3837 ruminalis

138 3850 172 3899 ad
183 3851 279 3900 radices
290 3850 385 3901 Palatii
397 3851 453 3911 sita,
468 3859 558 3914 postea
568 3866 613 3914 per
623 3851 717 3901 Attum
727 3851 837 3901 Navium
853 3852 977 3901 miraculo
993 3853 1020 3900 in
1034 3851 1120 3903 lorum
1137 3855 1260 3904 translata

138 3915 254 3978 (Mulier.
266 3920 300 3967 ad
310 3920 379 3969 Fest.
390 3933 416 3982 p.
430 3915 510 3980 tou),
526 3920 595 3968 unde
611 3935 627 3969 a
639 3920 770 3968 nonnullis
785 3921 849 3969 ficus
859 3919 942 3970 Navia
958 3921 1094 3970 dicebatur.
1120 3923 1162 3973 Ex
1177 3924 1259 3973 verbis

137 3986 217 4035 Plinii
232 3988 284 4036 ium
299 3987 421 4036 restitutis
436 3987 551 4035 ridemus
566 3986 596 4036 in
609 3987 680 4037 Festi
695 3988 778 4038 verbis
794 4003 819 4051 p.
838 3993 894 4038 loe.
912 3989 951 4037 ed.
967 3989 1043 4038 Muli.
1061 3990 1187 4038 nonnulla
1203 4005 1259 4043 erse

138 4067 270 4116 perperam
285 4056 410 4119 suppleta.
431 4054 476 4104 Aa
491 4055 568 4104 verba
583 4069 625 4102 nec
640 4054 690 4103 sine
701 4054 833 4119 praesepio
849 4054 929 4119 aliquo
944 4054 1032 4103 arescit
1046 4056 1160 4108 conferas
1176 4059 1258 4109 Tacit.

138 4120 223 4169 annal.
242 4127 281 4181 la,
294 4128 333 4172 58.
362 4119 455 4172 Eodem
468 4137 531 4170 amaa
542 4120 681 4171 ruminalem
693 4122 942 4174 arborem-mortuis
953 4121 1085 4175 ramulam
1099 4133 1125 4176 et
1140 4135 1259 4176 arescente

140 4193 223 4238 trunca
233 4186 374 4239 muctam
382 4188 493 4255 prodipii
502 4187 552 4241 loeo
562 4188 668 4241 tabitam
681 4198 721 4242 est.
740 4231 772 4244 ..
790 4207 874 4242 rursus
885 4207 953 4256 quae,
965 4187 995 4255 β.
1036 4259 1053 4294 ι
