2896 4800
366 279 437 326 ars.
458 279 493 324 x.
522 274 600 323 aar.
617 273 796 320 xxa-xxa.
827 270 1028 319 saera-a.
1193 253 1255 318 209

179 432 231 499 25.
265 429 431 496 Desinunt
462 449 578 493 canere
611 425 755 504 castrati,
793 423 880 508 quod
912 423 1038 489 duobus
1068 423 1105 487 fit
1136 420 1256 488 modis:
1271 438 1303 483 ao

136 532 254 598 lumbis
275 531 399 597 adustis
422 530 578 596 candente
600 527 686 593 ferro
707 536 763 592 aut
783 525 856 590 imis
878 524 1034 603 cruribus,
1056 546 1132 590 mox
1150 525 1257 591 ulcere

137 631 235 699 oblito
255 632 367 719 figlina
387 641 492 708 creta3
515 628 643 696 facilius
663 628 710 693 ita
727 628 955 716 pinguescunt.
984 625 1137 712 Pergami
1159 625 1258 691 omni·

136 734 198 799 bus
226 734 318 799 annis
347 733 566 818 spectaculum
591 730 749 818 gallorum
770 728 898 814 publice
926 727 1032 793 editur
1054 749 1113 792 ceu
1134 727 1258 812 gladia-

137 843 252 900 torum.
288 833 457 899 Invenitur
484 834 518 897 in
545 832 713 898 annalibus
739 830 775 895 in
801 852 880 918 agro
901 827 1100 894 Ariminensi
1121 826 1170 892 Μ.
1191 826 1258 893 Le·

136 937 214 1021 pido
243 933 285 1016 Q.
314 933 430 1001 Catulo
458 957 538 1001 coss.
566 935 601 999 in
627 933 703 999 villa
730 929 841 997 Galeri
866 933 1009 1005 locutum
1036 929 1258 1017 gallinaceum,

138 1038 237 1103 semel
259 1038 345 1120 quod
368 1037 518 1121 equidem
540 1035 648 1101 sciam.

180 1136 300 1203 ΧΧΠ.
324 1140 376 1203 26.
412 1137 473 1203 Est
494 1147 527 1202 et
548 1135 653 1202 anseri
675 1135 756 1221 vigil
777 1157 855 1200 eura
877 1132 1038 1220 Capitolio
1067 1143 1182 1199 testata
1203 1133 1259 1199 de·
1275 1146 1304 1193 51

137 1240 240 1318 senso,
268 1260 329 1324 per
356 1238 391 1303 id
418 1249 546 1323 tempus
574 1261 690 1304 canum
713 1236 838 1302 silentio
858 1235 996 1323 proditis
1016 1235 1125 1315 rebus,
1165 1257 1261 1319 quam

138 1341 180 1405 ob
202 1363 334 1407 oausam
355 1339 476 1406 cibaria
498 1362 648 1406 anserum
668 1360 817 1404 censores
838 1338 873 1402 in
894 1337 1008 1423 primis
1029 1338 1153 1415 locant3
1182 1338 1261 1421 quin

139 1451 172 1504 et
196 1442 282 1507 fama
310 1441 438 1520 amoris,
467 1441 565 1529 Aegii
592 1440 708 1506 dilecta
733 1440 836 1505 forma
857 1439 951 1524 pueri
974 1437 1084 1506 Olenii
1105 1449 1137 1505 et
1158 1435 1261 1504 Glau-

138 1564 193 1608 ces
217 1541 400 1608 Ptolemaeo
429 1542 499 1630 regi
525 1543 646 1609 cithara
674 1543 829 1620 canentis,
857 1563 953 1626 quarn
980 1541 1093 1606 eodem
1120 1552 1262 1627 tempore

138 1653 170 1707 et
191 1643 276 1709 aries
298 1666 422 1708 amasse
451 1644 609 1729 proditur.
644 1643 759 1710 Potest
786 1653 819 1709 et
845 1643 1020 1728 sapientiae
1041 1643 1145 1709 videri
1166 1641 1263 1708 intel·

137 1744 239 1811 lectus
260 1745 312 1811 his
333 1768 421 1825 esse;
453 1747 500 1811 ita
528 1768 635 1812 comes
656 1756 815 1833 perpetuo
836 1745 1020 1810 adhaesisse
1040 1743 1168 1830 Lacydi
1189 1743 1263 1830 phi·

67 1920 70 1924 >
137 1847 270 1931 losopho
292 1847 420 1925 dicitur,
443 1869 602 1932 nusquam
625 1847 666 1911 ab
688 1870 737 1924 eo,
759 1868 824 1911 non
845 1847 880 1910 in
900 1846 1041 1931 publico,
1063 1868 1128 1910 non
1148 1846 1182 1909 in
1196 1845 1263 1910 bal·

138 1949 218 2026 nais,
240 1970 305 2014 non
326 1959 434 2027 noctu,
458 1970 523 2013 non
543 1949 686 2014 interdiu
707 1947 883 2035 digressus.

181 2049 232 2114 27.
268 2048 380 2115 Nostri
413 2049 623 2134 sapientiores
650 2049 705 2133 qui
737 2071 792 2114 eos
816 2047 931 2112 iecoris
959 2047 1101 2113 bonitate
1127 2067 1261 2124 novere3
1277 2059 1309 2105 aa

137 2150 295 2215 fartilibus
316 2151 351 2214 in
376 2173 526 2236 magnam
552 2150 796 2235 amplitudinem
821 2148 948 2226 crescit,
976 2158 1161 2233 exemptum
1181 2168 1263 2230 quo-

138 2271 201 2333 que
222 2252 306 2316 lacte
327 2252 432 2314 mulso
455 2261 602 2336 augetur.
635 2249 704 2315 Neo
726 2249 795 2314 sine
817 2271 914 2313 causa
938 2248 973 2312 in
994 2249 1182 2332 quaestione
1203 2259 1262 2327 est,

139 2350 212 2433 quis
234 2360 358 2414 tantum
379 2350 500 2416 bonum
520 2350 689 2429 invenerit,
720 2347 876 2435 Scipione
895 2348 1049 2416 Metellus
1074 2351 1125 2416 vir
1145 2373 1262 2416 consu·

137 2451 213 2517 laris
235 2472 277 2514 an
298 2448 347 2514 Μ.
371 2447 469 2516 Seius
490 2452 606 2518 eadem
626 2461 730 2518 aetate
751 2473 849 2536 eques
869 2451 1047 2519 Romanus.
1076 2449 1153 2531 Sed,
1176 2453 1264 2536 quod

138 2561 278 2631 constat,
305 2550 502 2623 Messalinus
527 2551 640 2633 Cotta,
669 2553 831 2620 Messalae
852 2554 987 2620 oratoris
1007 2554 1110 2634 filius,
1138 2555 1264 2642 palmas

139 2653 259 2739 pedum
281 2677 322 2718 ex
344 2654 395 2719 his
419 2665 539 2721 torrere
562 2666 659 2741 atque
680 2656 800 2742 patinis
827 2678 901 2722 cum
924 2656 1178 2745 gallinaceorum
1199 2655 1263 2722 cri·

139 2754 196 2820 stis
224 2755 355 2822 condire
383 2757 522 2842 reperit3
551 2757 711 2824 tribuetur
732 2758 818 2823 enim
846 2781 865 2823 a
892 2781 943 2823 me
970 2760 1085 2824 culinis
1108 2759 1263 2843 cuiusque
1364 2750 1370 2757 ’

137 2855 245 2938 palma
272 2879 343 2922 cum
373 2857 447 2922 fide.
480 2857 603 2924 Mirum
623 2859 657 2923 in
678 2859 739 2924 hac
760 2859 834 2923 alite
862 2858 1042 2926 aMorinis
1070 2882 1174 2945 usque
1195 2859 1263 2924 Ro-
1278 2871 1310 2917 53

137 2978 223 3020 mam
243 2958 381 3042 pedibus
403 2960 528 3037 venire;
557 2959 637 3024 fessi
656 2960 863 3045 proferuntur
884 2959 926 3023 ad
945 2961 1077 3045 primos,
1096 2963 1144 3026 ita
1165 2962 1265 3026 ceteri
1327 2994 1329 2998 ⁸

137 3056 308 3140 stipatione
329 3059 467 3122 naturali
488 3059 671 3144 propellunt
697 3081 764 3124 eos.
798 3057 1017 3125 Candidorum
1041 3062 1177 3126 alterum
1197 3083 1254 3127 ve-

139 3157 236 3244 ctigal
256 3157 291 3222 in
311 3159 431 3242 pluma.
464 3158 635 3225 Velluntur
655 3159 848 3244 quibusdam
872 3159 952 3226 locis
978 3161 1028 3226 bis
1049 3184 1151 3238 anno3
1184 3184 1256 3226 rur-

137 3382 163 3430 p.
176 3365 244 3417 6311)
256 3374 297 3419 25.
316 3410 348 3420 -
376 3369 413 3419 lis
425 3369 516 3433 lambro,
530 3373 553 3422 d.
573 3412 604 3421 ..
619 3371 785 3437 pinqaeacnnt,
797 3374 829 3423 R.
845 3372 991 3438 pinacemnt,
1007 3367 1035 3423 θ.
1050 3379 1203 3438 pennescant,
1216 3368 1263 3423 Td

138 3474 170 3484 ..
188 3450 248 3497 apro
260 3435 414 3501 Ariminensi,
427 3441 480 3490 Rd.
500 3439 578 3490 Arim.
591 3456 658 3505 apro,
670 3436 692 3501 β
695 3456 721 3506 γ.
741 3482 773 3491 -
796 3440 905 3503 Galerii,
917 3438 946 3505 β.

172 3499 186 3558 ξ
201 3507 241 3551 51.
258 3501 307 3551 Est
318 3513 347 3564 at,
358 3507 403 3555 3².
421 3507 464 3568 Et,
476 3511 582 3560 R¹Tur
593 3507 734 3573 (Murbac.)
746 3524 771 3573 r.
791 3551 822 3559 ..
846 3526 950 3571 cansam,
963 3502 1092 3560 ROTdr.
1114 3525 1171 3569 rem,
1183 3504 1213 3569 β
1232 3546 1264 3557 -
1311 3533 1313 3537 ’

130 3565 203 3645 sarae
214 3569 292 3646 morra,
304 3570 358 3620 Rd.
376 3613 408 3622 -
426 3574 508 3637 Accii,
521 3577 624 3626 Gesner.
637 3578 695 3626 hist.
708 3579 785 3627 anim.
798 3584 822 3638 3,
836 3583 892 3627 155.
910 3577 998 3642 Arpis,
1010 3573 1090 3638 Rdst.
1111 3578 1146 3625 V.
1162 3577 1264 3626 Aelian.

138 3634 196 3683 hist.
215 3650 292 3684 amm.
312 3641 342 3696 5,
359 3642 399 3687 29.
417 3648 443 3689 et
459 3642 557 3692 Athen.
576 3649 614 3692 13.
627 3658 651 3706 p.
665 3650 721 3693 606.
735 3645 765 3694 C.
793 3684 825 3694 -
855 3642 939 3702 Olenii,
952 3646 1057 3695 Gesner.
1084 3643 1174 3690 nomine
1190 3640 1265 3703 Oleni,

136 3695 216 3762 Rufi.
246 3742 278 3750 ..
308 3699 480 3764 GlauceaRd.
508 3748 539 3756 ..
566 3706 652 3771 eodem,
664 3711 696 3758 R.
723 3709 854 3770 mendam,
871 3703 950 3760 θΤᾶ.
976 3750 1009 3760 ..
1036 3702 1264 3768 amasse,R9Td.

137 3767 272 3830 Mamaeae,
284 3764 335 3833 βγ.
349 3810 381 3819 ...
390 3768 428 3819 ta
439 3788 495 3821 aare.
507 3772 549 3822 Ita
560 3790 642 3835 comes,
654 3778 686 3825 R.
705 3775 741 3825 lia
752 3777 788 3825 ita
798 3792 856 3825 erse.
872 3773 959 3836 Comes,
972 3778 1003 3826 T.
1021 3776 1057 3824 ita
1065 3776 1095 3824 iis
1104 3791 1160 3826 essa.
1176 3773 1264 3839 Cornea

136 3852 156 3888 r.
175 3838 241 3888 Cum
253 3840 278 3889 R
289 3839 419 3902 conspirat
430 3835 460 3901 β,
473 3840 522 3890 nisi
534 3842 603 3903 quod
616 3841 647 3890 tis
659 3843 744 3893 habet.
769 3884 801 3891 -
825 3842 932 3903 balineis,
948 3836 977 3892 θ.
1002 3883 1034 3893 ..
1061 3843 1199 3909 diprassum.
1210 3846 1264 3897 Rd.

171 3908 186 3970 §
200 3912 240 3956 52.
258 3904 319 3970 quir,
331 3908 415 3957 RTd.
434 3906 488 3970 quai
496 3907 597 3971 pronas,
608 3905 661 3972 βγ.
679 3948 711 3958 ...
736 3909 854 3973 Scipione,
866 3912 898 3960 R.
922 3909 1012 3974 Scipio,
1025 3912 1042 3960 d
1053 3907 1138 3974 (codd.
1152 3911 1223 3976 Gal.)
1234 3909 1263 3976 β.

136 3970 219 4036 Scipio
230 3989 271 4035 un,
283 3990 303 4024 r.
331 4015 363 4024 ..
390 3973 550 4035 SeiaaPint.
567 3968 595 4024 θ.
622 3975 723 4039 saeta,
736 3977 843 4028 RTSd.
870 3973 1015 4041 Sesamii.
1043 4020 1074 4030 ..
1097 3979 1195 4046 palma,
1208 3985 1263 4034 Rd.

132 4037 239 4102 plantas,
250 4058 271 4092 r.
289 4083 322 4092 ..
342 4050 437 4104 torrere,
450 4045 496 4094 R2.
513 4043 614 4105 sorbas,
627 4045 693 4095 R'd.

171 4109 239 4169 §5:3.
265 4124 284 4157 a
299 4109 558 4168 Morinis-Romam,
574 4112 621 4162 Rd
637 4110 724 4173 (codd.
741 4112 869 4178 Barbari.)
895 4115 1262 4181 amarnisasqneRomam,alii

137 4174 208 4223 codd.
220 4175 335 4228 Barbari.
355 4219 386 4229 ..
408 4196 503 4242 venae,
516 4182 588 4230 codd.
605 4181 718 4232 Barbari.

171 4242 247 4291 Pars.
264 4243 300 4294 II.
390 4274 398 4283 ·
1019 4252 1058 4314 14
