2896 4800
330 273 401 320 nm.
419 274 479 320 vn.
509 271 589 318 car.
604 268 854 318 imvm-xxx.
884 269 983 318 suen.
998 271 1089 317 unes
1230 236 1271 319 et

148 424 221 504 niis,
249 422 423 510 Lysandro
451 442 562 489 eorum
588 442 667 509 rege
695 421 731 486 in
759 419 868 505 quiete
894 421 1023 508 saepius
1049 420 1214 488 admonito
1234 421 1272 488 nt

47 604 51 613 1
149 535 316 615 pateretur
336 524 462 592 humeri
476 522 607 590 delicias
630 544 723 600 sues3
746 521 917 607 requisivit
928 544 999 601 rex,
1015 524 1071 609 qui
1085 545 1272 613 supremum

150 627 397 694 diem-Athenis
418 625 562 703 obiisset,
590 645 651 690 nec
677 622 851 691 difficulter
876 644 918 689 ex
943 623 985 688 iis
1007 643 1104 707 quem
1124 625 1204 693 deus
1225 625 1271 692 si·

149 729 334 816 gnificasset
352 725 513 793 intellexit
533 746 713 812 pacemque
733 724 838 791 funeri
859 722 960 790 dedit.

190 829 314 896 XXX.
347 830 400 893 31.
421 826 551 892 Platoni
574 825 752 912 sapientiae
773 824 910 895 antistiti
921 822 1101 908 Dionysius
1116 834 1273 909 tyrannus
1286 844 1335 889 110

149 931 228 995 alias
251 929 404 996 saevitiae
425 926 661 1013 superbiaeque
682 935 779 991 natus
799 925 948 991 vittatam
969 946 1085 991 navem
1105 925 1195 990 misit
1213 927 1273 993 ob·

148 1032 249 1110 viam,
283 1031 355 1116 ipse
384 1027 552 1115 quadrigis
587 1026 669 1094 albis
701 1025 921 1115 egredientem
948 1025 983 1091 in
1010 1026 1104 1092 litore
1135 1028 1273 1112 excepit.

148 1130 279 1216 Viginti
300 1130 431 1198 talentis
451 1150 550 1194 unam
571 1129 747 1195 orationem
767 1127 927 1195 leocrates
947 1127 1104 1194 vendidit.
1132 1126 1274 1194 Aeschi-

149 1253 208 1296 nes
221 1230 430 1310 Atheniensis
450 1251 594 1295 summus
612 1239 720 1296 orator
742 1250 816 1295 cum
830 1227 1065 1297 accusationem
1085 1247 1151 1312 qua
1168 1229 1275 1296 fuerat

148 1353 229 1397 usus
242 1331 378 1398 Rhodiis
398 1332 540 1419 legisset,
562 1330 643 1418 legit
663 1342 697 1396 et
718 1330 938 1397 defensionem
958 1329 1189 1397 Demosthenis
1210 1351 1276 1416 qua

149 1433 184 1497 in
211 1433 292 1498 illud
323 1433 437 1519 pulsus
468 1432 577 1497 suerat
610 1431 759 1497 exsilium
784 1431 1040 1516 mirantibusque
1068 1439 1138 1497 tum
1169 1434 1274 1521 magis

148 1534 248 1599 fuisse
269 1532 442 1599 miraturos
456 1532 550 1610 dixit,
572 1532 601 1599 si
622 1533 729 1620 ipsum
742 1543 888 1600 orantem
908 1531 1131 1613 audivissent,-
1143 1535 1273 1621 calami·

148 1644 213 1700 tate
242 1635 336 1702 testis
364 1635 481 1723 ingens
510 1634 773 1702 coustumia.
815 1634 1033 1720 Thucydiden
1059 1635 1274 1725 inperatorem
1288 1652 1334 1699 111

147 1735 364 1804 Athenienses
384 1736 419 1801 in
440 1734 590 1802 exsilium
604 1757 712 1825 egere,
733 1758 843 1803 rerum
864 1736 1064 1804 conditorem
1081 1759 1275 1806 revocavere

149 1839 363 1923 eloquentiam
390 1837 508 1918 mirati,
536 1838 628 1905 cuius
653 1838 808 1906 virtutem
836 1839 1077 1906 damnaverant.
1112 1837 1274 1927 Magnum

149 1949 183 2006 et
203 1939 384 2006 Menandro
412 1939 448 2006 in
474 1940 596 2008 comico
623 1960 717 2008 socco
743 1941 961 2008 testimoninm
989 1960 1104 2029 regum
1123 1939 1274 2030 Aegypti

148 2051 181 2108 et
200 2040 416 2109 Macedoniae
438 2042 576 2129 contigit
602 2042 705 2108 classe
732 2052 765 2108 et
792 2065 852 2128 per
876 2043 1000 2130 legatos
1027 2041 1140 2128 petito,
1167 2043 1273 2108 maius

149 2165 190 2209 ex
211 2145 294 2230 ipso,
315 2144 427 2229 regiae
441 2144 590 2209 fortunas
603 2143 750 2228 praelata
761 2144 940 2208 litterarum
956 2140 1163 2209 conscientia
1189 2140 1336 2205 Per-112

147 2244 280 2310 hibuere
307 2253 341 2308 et
365 2242 503 2307 Romani
530 2264 682 2326 proceres
709 2243 807 2307 etiam
834 2241 953 2306 exteris
981 2232 1173 2306 testimonia.
1210 2239 1271 2306 On.

149 2343 326 2429 Pompeius
356 2343 502 2407 confecto
531 2340 755 2408 Mithridatico
785 2330 870 2408 bello
899 2341 1079 2406 intraturus
1105 2339 1274 2409 Posidonii

114 2448 120 2459 ‘
149 2442 326 2528 sapientiae
353 2442 553 2528 professione
582 2442 659 2508 clari
687 2442 819 2509 domum
846 2443 950 2510 forem
974 2442 1101 2530 percuti
1120 2443 1163 2510 de
1184 2464 1272 2511 more

148 2566 169 2609 a
188 2542 301 2610 lictore
328 2544 433 2611 vetuit
461 2553 495 2623 et
520 2544 619 2610 fascis
643 2544 824 2611 litterarum
850 2545 967 2612 ianuae
993 2544 1144 2611 submisit
1167 2544 1200 2609 is'
1218 2544 1272 2610 oui

149 2667 184 2713 se
205 2644 313 2730 orieps
334 2647 548 2732 occidensque
570 2647 772 2712 submiserat.
795 2645 878 2714 Cato
893 2646 1058 2714 censorius
1079 2646 1114 2711 in
1133 2645 1190 2712 illa
1210 2666 1270 2710 no-

147 2746 205 2814 bili
231 2747 329 2813 trium
355 2746 531 2835 sapientiae
556 2770 727 2834 procerum
753 2748 795 2814 ab
815 2745 1136 2833 Athenis'legatione
1160 2747 1271 2814 audito

148 2845 318 2915 Carneade
327 2851 565 2936 quamprimum
578 2850 704 2938 legatos
718 2872 773 2916 eos
787 2850 913 2917 censuit
926 2849 1144 2928 dimittendos,
1166 2870 1270 2934 quon·

147 2950 213 3014 iam
233 2949 289 3016 illo
310 2950 379 3017 viro
401 2959 647 3037 argumentante
668 2950 747 3035 quid
773 2951 841 3017 veri
863 2960 950 3017 esset
970 2949 1058 3016 haud
1078 2951 1173 3039 facile
1200 2950 1267 3016 dis·

148 3049 236 3114 cerni
272 3058 391 3134 posset.
448 3048 579 3130 Quanta
615 3072 741 3116 morum
780 3049 991 3117 conmutatiol
1043 3050 1103 3117 Ille
1142 3065 1332 3137 semperne

84 3162 102 3192 Ι
129 3146 290 3233 'alioquin
316 3150 483 3216 universos
511 3171 553 3216 ex
577 3149 673 3215 Italia
698 3150 864 3236 pellendos
892 3150 1017 3218 censuit
1046 3147 1270 3232 maresan

181 3358 196 3419 §
211 3359 268 3408 110.
288 3356 408 3422 Plutonia
424 3363 448 3411 d.
466 3402 498 3410 -
516 3359 577 3423 alia,
595 3361 619 3409 d.
637 3401 669 3409 ..
687 3359 797 3419 saevitia,
813 3361 838 3412 d.
856 3401 888 3411 ..
910 3359 1022 3410 vittatam
1036 3376 1075 3410 ao.
1095 3358 1176 3422 Queat,
1193 3363 1218 3412 d.
1236 3402 1268 3412 ..

148 3421 301 3538 magias,
319 3431 343 3478 d.
362 3469 393 3477 -
411 3443 428 3476 a
442 3427 558 3492 gradibus
574 3425 725 3492 eqredt'entea,
742 3427 819 3480 sud.
836 3426 993 3478 Achradinae
1003 3427 1132 3493 egrediens,
1149 3430 1217 3479 Pint.
1236 3469 1269 3480 ..

222 3490 259 3551 sis,
275 3494 357 3543 RTd.
378 3493 480 3557 Rhodio,
498 3491 527 3547 θ,
549 3493 639 3555 Rhodi,
656 3495 722 3545 Rob.
738 3492 767 3557 β.
787 3537 819 3547 ..
836 3494 967 3560 sthyitet,
979 3497 1011 3547 R.
1030 3537 1062 3546 ..
1085 3511 1142 3558 qua,
1153 3489 1270 3546 ROTdr

149 3553 242 3616 (Βῡῖλ)
260 3558 378 3620 wewam,
390 3557 420 3620 β.
438 3602 470 3610 -
485 3561 577 3626 pulsus,
588 3556 696 3613 Reus.
715 3561 833 3627 deputam
844 3565 911 3613 Rob.
923 3559 952 3622 β.
965 3604 997 3612 -
1015 3560 1144 3622 amarent,
1156 3563 1224 3619 Rob.
1236 3600 1269 3610 ..

148 3620 394 3683 catamiuafflo.
403 3625 593 3689 calamitatum
605 3629 630 3678 in
639 3630 782 3692 calamitate,
791 3631 866 3681 codd.
872 3630 988 3690 Barbari,
996 3624 1018 3691 β
1022 3643 1047 3693 γ.
1057 3628 1146 3679 Omitt.
1155 3643 1169 3675 r
1177 3624 1269 3689 (Rob.)

182 3689 272 3751 §ltu
299 3689 461 3756 Thucydiden,
475 3696 508 3743 R.
534 3696 704 3760 Thucydidem,
720 3693 792 3761 ᾱβγ.
816 3736 849 3746 ..
871 3694 1268 3758 ίναροεάἱανιιτη,οοᾱᾱ.Βατῐ)αῆ.

147 3773 226 3877 m:
236 3760 1269 3891 ascalonenses

147 3893 223 3959 rapio,
234 3897 258 3946 d.
277 3935 310 3945 ..
319 3863 434 3959 fortunae,
446 3895 471 3944 d.
490 3935 521 3944 ..
539 3893 645 3955 misach,
656 3897 798 3958 suspicatur
808 3895 887 3945 Hsrd.
1123 3862 1129 3878 ⁵
1156 3869 1188 3879 -
1220 3845 1239 3895 Ρ

181 3964 196 4025 §
211 3969 267 4013 112.
286 3962 397 4025 estante,
413 3964 467 4014 Τὰ.
491 3962 564 4024 Quae
579 3970 726 4026 sequuntur,
743 3963 882 4036 maximam
894 3971 992 4028 partem
1004 3965 1138 4029 exscripsit
1152 3965 1231 4018 Solia.
1246 3971 1269 4029 l,

150 4035 206 4078 121.
220 4036 277 4080 122.
296 4071 328 4080 ..
338 4030 428 4094 swam,
440 4031 522 4081 RTd.
533 4030 611 4092 fiores,
627 4031 694 4082 Rob.
709 4026 765 4095 ssr.
780 4071 812 4081 ..
830 4029 969 4095 litterarum
983 4029 1102 4085 ROTdr
1113 4032 1199 4097 (codd.
1211 4034 1268 4084 Sel-

148 4111 210 4146 mas.
222 4112 305 4148 exerc.
316 4114 342 4162 p.
354 4106 395 4151 88.
408 4101 433 4150 b.
445 4100 485 4162 Β.,
496 4097 577 4162 Bob.)
595 4097 705 4163 lictorius,
716 4094 746 4162 β.
756 4140 789 4148 -
806 4099 835 4163 ie,
847 4114 897 4151 cnr.
911 4102 948 4151 dl.
966 4143 999 4152 ..
1017 4100 1136 4162 nobilium,
1148 4105 1165 4152 d
1177 4099 1269 4164 (Rob.)

182 4166 197 4226 5
211 4169 267 4215 113.
285 4163 383 4230 alioqui,
395 4169 419 4218 d.
442 4207 474 4216 ..
496 4182 526 4216 aa
537 4164 621 4228 Italic,
633 4161 689 4218 Ro.
712 4165 828 4231 simtu,
840 4173 864 4220 d.
886 4168 981 4220 radat
990 4169 1090 4232 aomina,
1101 4187 1114 4220 r
1125 4167 1217 4232 (mu.)
1236 4208 1268 4218 ..

144 4228 317 4297 ρεῑὶεηᾰοε,Β.
339 4232 502 4299 appellandos,
514 4238 547 4286 dr
557 4231 650 4299 (Rob.)
668 4278 699 4287 ..
722 4238 794 4298 aad.
1046 4302 1063 4336 ι
