2896 4800
138 251 203 315 470
490 266 695 314 unruaams
716 265 912 314 msroumu

138 419 258 485 diutius
281 429 435 484 servetur.
467 415 576 483 Arbor
597 418 669 504 ipsa
691 418 732 482 de
753 417 976 505 amplissimis;
1000 418 1076 484 solia
1089 427 1266 503 antequam

137 520 287 588 decidant
307 520 492 598 rubescunt,
514 519 639 584 radices
660 519 780 584 multae
802 530 899 604 atquc
922 521 1006 585 altae
1027 531 1060 584 et
1077 519 1153 585 ideo
1167 519 1265 586 inex·

137 621 329 706 stirpabiles.
351 620 424 686 Non
446 621 508 686 fuit
528 620 607 686 haec
629 621 723 686 arbor
743 621 777 684 iu
798 620 898 686 Italia·
916 619 1049 687 Catonis
1070 642 1162 687 aevo.

178 722 280 788 XXI.
304 723 354 787 23.
378 720 491 789 Sorbis
514 722 714 808 quadruplex
736 722 933 799 differentia3
963 722 1035 787 aliis
1049 721 1135 787 enim
1150 743 1266 790 corum
1279 740 1310 787 85

135 824 315 892 rotunditas
336 825 421 902 mali,
448 823 519 889 aliis
541 823 714 889 turbinatio
735 825 808 909 piri,
836 823 906 888 aliis
934 836 1029 889 ovata
1054 824 1180 910 species
1204 848 1266 892 ceu

136 927 293 993 malorum
313 925 491 1009 aliquibus3
518 924 598 990 haec
620 923 759 989 obnoxia
780 924 877 990 acori.
916 922 1026 991 Odore
1049 936 1081 991 et
1103 927 1266 994 suavitate

136 1028 274 1095 rotunda
295 1027 505 1114 praecellunt,
533 1025 648 1091 ceteris
671 1025 738 1091 vini
761 1048 856 1111 sapor
862 1050 872 1101 ;
901 1026 1159 1114 generosissima,
1188 1029 1264 1114 qui·

136 1132 198 1198 bus
220 1131 304 1196 circa
325 1128 490 1215 pediculos
520 1137 630 1193 tenera
657 1127 742 1192 folia.
780 1125 942 1209 Quartum
962 1150 1067 1216 genus
1094 1128 1265 1196 torminale

136 1233 309 1321 appellant,
329 1230 473 1296 remedio
496 1240 620 1295 tantum
641 1228 818 1316 probabile,
841 1229 1013 1295 adsiduum
1026 1241 1186 1316 proventu
1200 1231 1265 1296 mi-

136 1356 333 1419 numumque
354 1355 461 1420 pomo,
483 1332 596 1398 arbore
618 1330 784 1411 dissimile,
807 1331 895 1397 foliis
916 1353 1019 1418 paene
1033 1331 1166 1418 platani.
1186 1332 1266 1399 Non

137 1437 247 1503 ferunt
274 1445 348 1500 ante
376 1435 541 1498 trimatum
568 1457 610 1498 ex
636 1433 702 1498 ullo
724 1455 855 1520 genere.
892 1430 974 1499 Cato
996 1443 1029 1499 et
1050 1433 1147 1500 sorba
1168 1434 1266 1500 condi

138 1561 217 1624 sapa
239 1536 346 1601 tradit.

179 1637 300 1702 XXII.
329 1637 381 1700 24.
407 1635 463 1700 Ab
485 1635 535 1700 his
555 1637 662 1701 locum
683 1635 891 1720 amplitudine
913 1635 1158 1702 vindicaverunt
1179 1658 1265 1721 quae
1278 1656 1309 1702 aa

139 1761 265 1804 cessere
287 1736 469 1804 auctoritati
490 1759 589 1803 nuces
610 1736 791 1825 iuglandes,
820 1758 1015 1822 quamquam
1036 1748 1069 1803 et
1088 1739 1179 1824 ipsae
1200 1760 1265 1803 nu-

137 1839 284 1925 ptialium
297 1839 573 1906 Fescenninorum
595 1839 739 1916 comites,
761 1840 897 1905 mtdtum
913 1839 1018 1926 pineis
1032 1839 1174 1904 minores
1187 1840 1265 1904 uni-

137 1943 288 2008 versitate
316 1943 494 2027 cademque
521 1941 669 2028 portione
696 1941 868 2027 ampliores
894 1942 1017 2007 nucleo.
1052 1939 1210 2006 Necnon
1233 1953 1267 2008 et

137 2045 237 2110 honor
257 2045 299 2109 iis
312 2054 445 2109 nattuac
459 2043 632 2130 peculiaris
646 2042 775 2129 gemino
789 2042 941 2128 protectis
956 2042 1166 2128 operimento,
1189 2044 1264 2130 pul-

137 2147 238 2212 vinati
259 2147 399 2233 primum
420 2144 552 2230 calycis,
574 2167 651 2209 mox
671 2144 771 2232 lignei
785 2143 972 2230 putaminis,
996 2165 1080 2227 quae
1094 2166 1193 2210 causa
1208 2167 1265 2211 eas

136 2249 259 2334 nuptiis
281 2249 361 2314 fecit
380 2247 559 2335 religiosas,
582 2256 630 2311 tot
650 2245 754 2311 modis
775 2247 843 2311 fetu
864 2246 999 2324 munito,
1027 2245 1113 2329 quod
1134 2256 1186 2311 est
1206 2268 1265 2312 vc-

137 2350 313 2425 risimilius‚
342 2371 439 2433 quam
460 2348 537 2433 quia
559 2348 702 2413 cadendo
733 2346 909 2433 tripudium
941 2347 1099 2412 sonivium
1131 2347 1265 2415 faciant.

137 2452 182 2517 Et
202 2453 261 2517 has
284 2474 302 2517 e
323 2450 458 2518 Perside
478 2450 611 2538 regibus
634 2450 803 2516 translatas
823 2447 943 2513 indicio
965 2459 1039 2514 sunt
1055 2445 1185 2514 Graeca
1205 2470 1266 2515 no·
1278 2463 1310 2512 at

137 2553 239 2629 mina3
269 2563 438 2638 optumum
463 2552 585 2637 quippe
607 2573 711 2637 genus
735 2573 844 2616 earum
864 2549 1034 2616 Persicum
1055 2558 1153 2634 atquc
1174 2551 1265 2616 basi·

137 2654 222 2719 licon
242 2664 368 2730 vocant,
396 2663 430 2718 at
450 2653 530 2718 haec
550 2653 641 2718 fuere
662 2651 768 2738 prima
788 2652 932 2730 nomina3
963 2673 1085 2736 caryon
1105 2673 1126 2716 a
1147 2652 1268 2739 capitis

139 2755 314 2842 gravedine
335 2764 469 2839 propter
492 2753 598 2817 odoris
620 2753 812 2841 gravitatem
833 2753 985 2819 convenit
1013 2753 1145 2818 dictum.
1182 2753 1265 2819 Tin-

139 2866 261 2942 guntur
281 2855 397 2922 cortice
419 2878 529 2920 earum
549 2855 641 2920 lanae
663 2864 695 2919 et
715 2855 840 2919 rufatur
862 2854 995 2940 capillus
1009 2854 1149 2940 primum
1163 2855 1265 2941 prod-

140 2956 290 3022 euntibus
319 2956 462 3033 nuculis3
497 2956 532 3020 id
561 2967 749 3042 conpertum
776 2955 902 3021 infectis
930 2965 1069 3020 tractatu
1097 2954 1247 3021 manibus
1254 2981 1264 3035 ;

173 3164 188 3226 ξ
202 3171 242 3216 85.
261 3164 351 3227 satu,
367 3181 391 3215 v.
407 3166 539 3229 Theophr.
557 3165 616 3214 hist.
632 3164 774 3229 planum
789 3170 865 3226 las.
886 3204 914 3212 -
935 3161 1064 3227 aliquibus,
1079 3177 1103 3212 a.
1129 3160 1227 3224 aliqum
1240 3165 1265 3213 d.

140 3275 172 3284 ..
191 3233 265 3294 acori,
278 3236 351 3283 codd.
364 3233 421 3285 Gel.
440 3233 499 3291 acri,
511 3234 572 3282 adr.
591 3271 623 3281 ..
641 3248 689 3291 uec,
701 3234 734 3282 K.
753 3274 785 3282 ..
803 3229 916 3291 iucunda,
927 3232 976 3282 Kr.
996 3271 1028 3281 .-
1043 3227 1265 3294 praetetianum.

139 3302 173 3352 K.
191 3341 223 3350 ..
243 3308 331 3360 teucro,
347 3318 364 3351 a
380 3298 466 3362 (codd.
483 3298 611 3363 Barbari.)
635 3301 722 3350 Omitt.
740 3302 809 3351 Tdr.
828 3340 860 3348 -
883 3297 1003 3360 dissimili,
1023 3291 1120 3350 OTad.
1143 3295 1266 3358 duumili,

138 3364 168 3430 β.
187 3409 218 3416 ..
234 3384 307 3431 pene,
325 3369 414 3418 Tadr.
437 3366 523 3431 plana,
539 3363 568 3428 β.
587 3408 618 3417 ..
643 3366 771 3416 trimatum.
792 3365 835 3416 Ex
850 3364 891 3415 illo
905 3383 997 3430 penore,
1014 3382 1038 3418 a.
1054 3406 1086 3416 ..
1112 3359 1169 3412 Ouio
1185 3365 1219 3412 da
1234 3380 1265 3414 re

139 3444 201 3486 rust.
216 3440 238 3486 7.
252 3442 309 3497 143,
321 3443 346 3484 3.
364 3475 395 3484 -
414 3433 563 3498 condiscipu,
580 3427 677 3485 OTad.
703 3451 766 3498 supa
781 3433 858 3496 condi,
874 3429 903 3495 β.
929 3450 993 3498 supa
1004 3431 1102 3494 condiri,
1117 3431 1209 3481 natac.
1228 3470 1263 3482 ...

141 3502 224 3565 tradit,
239 3496 335 3552 (idad.
354 3502 424 3564 iuter,
434 3497 464 3563 β.

174 3608 242 3670 §Sta
265 3601 456 3664 vindicaverunt,
473 3619 496 3653 a.
523 3601 707 3662 vindicaverint,
726 3595 803 3655 eud.
823 3643 855 3652 -..
873 3602 1026 3664 auctoritate,
1047 3595 1075 3651 θ.
1093 3642 1125 3652 ..
1144 3608 1167 3650 at
1182 3598 1264 3664 ἰρεαες

140 3690 198 3723 cum
215 3673 296 3723 sorbis
311 3672 338 3722 in
352 3672 428 3721 rebus
444 3672 598 3735 nuptiahbus
610 3673 699 3721 locum
710 3673 821 3735 aliquem
832 3670 911 3721 tuisse
922 3686 977 3721 non
987 3672 1106 3726 sciamus,
1121 3683 1175 3735 ‚vox
1186 3676 1210 3716 ct
1221 3671 1264 3719 da·

141 3741 333 3792 londavidetur.
352 3780 384 3788 ..
402 3739 583 3800 universitatem,
596 3740 620 3788 d.
639 3780 671 3788 -
689 3737 822 3803 eademque,
840 3741 885 3788 ad.
908 3736 1055 3802 eaedemque,
1070 3733 1121 3802 βγ.
1139 3777 1173 3786 ..
1191 3734 1266 3786 bonor

141 3807 169 3864 is,
182 3826 204 3868 a,
217 3809 284 3857 unde
297 3807 319 3856 lt.
333 3805 363 3854 iis
375 3806 470 3870 scripsi.
489 3805 590 3868 bonoria,
603 3823 623 3856 r.
641 3805 714 3855 bonor
726 3805 770 3869 bis,
783 3803 853 3870 dssr.
871 3847 904 3856 ..
918 3814 1047 3871 protectae,
1059 3822 1079 3856 r.
1090 3844 1122 3854 -
1139 3803 1264 3866 sonivium,

145 3869 166 3921 θ
171 3879 187 3925 d
199 3875 285 3938 (codd.
298 3877 377 3925 Turn.
389 3877 445 3924 adv.
459 3878 499 3937 27,
513 3872 566 3936 17.)
583 3890 696 3935 aunuum,
708 3876 739 3923 Τ.
757 3874 877 3935 somnium,
889 3891 912 3923 a.
930 3888 1047 3936 senumve,
1058 3868 1088 3934 β.

164 3978 242 4088 387.
260 3973 392 4034 ePerside,
405 3992 421 4026 a
432 3973 540 4040 (Rigalt.
556 3977 658 4026 Thuan.
676 3993 691 4024 a
710 4012 716 4024 .
734 3977 841 4026 Salmas.
859 3991 941 4026 exerc.
957 3991 982 4039 p.
996 3980 1053 4025 425.
1065 3975 1090 4024 b.
1102 3969 1147 4034 E.)
1174 3971 1265 4022 uPcr-

142 4037 166 4088 si
180 4057 200 4102 e,
213 4045 265 4093 Τὰ.
288 4042 428 4106 ePersidis,
443 4036 488 4093 Or.
507 4085 539 4093 -
557 4043 663 4107 rapitur,
686 3992 707 4090 d
722 4041 850 4105 (Thnan.)
873 4046 988 4094 Eandem
1002 4056 1092 4091 vocem
1108 4047 1169 4106 post
1185 4047 1266 4090 trous

143 4107 207 4156 lutus
219 4113 345 4163 collocant
356 4114 407 4162 Tu.
427 4112 566 4176 ropionibus,
579 4128 613 4161 ar
624 4109 745 4174 (Rigalt.)
763 4128 779 4159 u
790 4111 891 4175 rapitur,
903 4106 952 4173 βγ.
974 4111 1016 4158 Dc
1028 4110 1114 4159 dativo
1127 4108 1229 4160 Graeco
1240 4125 1265 4158 v.

142 4177 175 4225 nd
188 4183 228 4241 32,
242 4185 281 4228 49.
295 4220 325 4239 Ψ
343 4195 424 4243 penus,
436 4182 480 4232 ad.
500 4181 588 4231 omitt.
600 4175 650 4243 βγ.
665 4220 696 4230 ..
715 4179 844 4242 Persicum,
857 4180 901 4229 ud.
919 4177 1041 4240 Persicon,
1053 4173 1082 4239 β.
1095 4217 1126 4228 ..
1145 4183 1228 4240 atque,
1241 4192 1265 4228 ι.
