2896 4800
388 291 457 337 ΜΒ.
474 291 521 337 1x.
550 288 629 345 oux.
645 289 707 336 vu.
724 289 799 335 v111.
830 289 928 336 snon.
943 292 1008 335 a-s.
1195 275 1255 338 147

130 441 256 518 firmos3
287 441 366 527 quin
392 450 426 508 et
446 440 574 506 adidtos
596 439 653 507 diu
674 440 866 508 comitantur
887 462 1005 529 magna
1026 463 1103 530 erga
1124 454 1253 530 partum

131 543 272 610 cariata.
294 541 500 609 Adulescunt
513 540 668 622 celeriter,
691 541 805 610 decem
818 540 912 608 annis
933 552 1087 628 putantur
1107 545 1150 611 ad
1164 568 1252 614 sum·
1265 560 1299 606 22

129 660 215 715 mam
228 643 484 732 magnitudinem
501 643 687 729 pervenire3
704 642 817 709 vivont
827 652 861 710 et
878 643 1020 722 tricenis,
1039 644 1126 728 quod
1140 649 1251 735 cogni-

129 755 198 810 tum
224 744 372 832 praecisa
400 742 505 810 cauda
535 744 570 809 in
601 744 866 830 experimentum.
912 742 1091 810 Abduntur
1122 746 1253 815 tricenis

129 844 245 912 diebus
259 845 345 911 circa
359 843 448 910 canis
462 853 566 911 ortum
580 842 843 929 occultanturque
856 844 1021 932 incognite
1037 846 1143 923 modo,
1163 847 1253 931 quod

129 968 167 1011 co
189 944 293 1032 magis
314 945 432 1011 mirum
454 956 514 1025 ast,
537 947 565 1012 si
587 945 712 1033 spirare
733 946 767 1010 in
788 968 874 1030 aqua
892 969 959 1012 non
979 958 1110 1031 queunt.
1138 945 1252 1014 Solent
1265 963 1297 1010 aa

127 1047 164 1111 in
185 1055 303 1111 terram
324 1069 492 1133 erumpere
512 1047 636 1113 incerta
652 1047 694 1111 dc
708 1068 816 1125 causa,
838 1070 900 1114 nec
915 1045 1024 1114 statim
1039 1047 1150 1114 tellure
1166 1059 1252 1115 tacta

127 1148 309 1214 moriuntur
329 1148 494 1233 multoque
516 1148 606 1214 ocius
626 1147 735 1214 fistula
756 1147 875 1222 clausa.
896 1147 1028 1237 Lingua
1043 1160 1094 1216 est
1106 1150 1158 1215 his
1173 1173 1250 1217 con-

128 1259 178 1335 tra
198 1259 347 1313 naturam
369 1249 557 1333 aquatilium
577 1247 716 1326 mobilis,
738 1248 847 1315 brevis
868 1259 965 1335 atque
986 1251 1062 1330 lata,
1083 1251 1163 1317 haut
1183 1250 1249 1317 dii·

126 1351 236 1416 ferans
265 1350 393 1429 suillae3
429 1372 489 1436 pro
518 1372 597 1418 voce
627 1350 766 1438 gemitus
792 1349 934 1417 humano
961 1352 1090 1431 similis,
1118 1355 1250 1421 dorsum

126 1451 319 1537 repandum,
352 1460 493 1517 rostrum
524 1450 655 1530 simum,
690 1472 755 1535 qua
781 1448 822 1516 de
848 1474 946 1518 causa
972 1475 1089 1520 nomen
1117 1454 1248 1523 simonis

125 1575 235 1620 omnes
256 1553 337 1618 miro
358 1553 453 1618 modo
473 1563 655 1640 agnoscunt
675 1552 862 1639 maluntque
882 1552 929 1619 ita
950 1555 1118 1641 appellari.
1176 1556 1182 1569 ”
1231 1615 1235 1620 .

167 1654 197 1724 8.
218 1653 401 1740 Delphinus
421 1675 486 1720 non
506 1651 627 1720 homini
650 1664 775 1719 tantum
797 1653 939 1720 amicum
954 1656 1073 1724 animal
1086 1680 1200 1726 verum
1215 1667 1248 1724 et
1260 1669 1293 1714 24

124 1755 267 1822 musicae
293 1755 354 1820 arti
379 1753 540 1822 mulcetur
567 1754 776 1842 symphoniae
803 1766 901 1822 cantu
929 1768 963 1822 et
988 1758 1163 1845 praecipua
1184 1758 1246 1844 hy·

124 1856 228 1923 drauli
254 1879 343 1923 sono.
378 1856 554 1925 Hominem
579 1878 646 1923 non
674 1857 862 1944 expavescit
883 1868 921 1922 nt
941 1857 1091 1936 alienum,
1119 1859 1247 1925 obviam

123 1958 261 2046 navigiis
288 1957 400 2035 venit,
420 1957 561 2024 adludit.
574 1957 757 2035 exsultans,
785 1966 889 2022 certat
916 1957 1013 2022 ctiam
1041 1967 1074 2026 et
1100 1959 1246 2044 quamvis

122 2060 218 2146 plena
231 2058 386 2146 praeterit
406 2058 486 2124 vela
508 2057 598 2124 Divo
612 2057 764 2144 Augusto
780 2057 927 2144 principe
940 2057 1122 2124 Lucrinum
1140 2061 1247 2126 lacum

121 2162 271 2228 invectus
295 2159 449 2246 pauperis
476 2159 645 2225 cuiusdam
670 2179 810 2243 puerum
831 2179 873 2223 ex
893 2157 1016 2224 Baiano
1039 2157 1192 2224 Puteolos
1212 2158 1247 2223 in

47 2300 50 2305 -
121 2262 235 2328 ludum
254 2260 444 2326 litterarium
465 2259 610 2337 itantem,
639 2280 713 2324 cum
740 2256 916 2324 meridiano
944 2258 1107 2325 inmorans
1133 2258 1245 2345 appel-

121 2363 223 2428 latum
238 2382 319 2427 eum
341 2359 473 2425 simonis
499 2359 628 2425 nomine
655 2359 785 2445 saepius
812 2359 1003 2448 fragmentis
1028 2360 1121 2447 panis
1149 2381 1247 2446 quem

121 2462 227 2530 obiter
241 2462 365 2528 ferebat
379 2460 563 2540 adlexisset,
578 2461 661 2526 miro
674 2483 782 2527 amore
798 2459 960 2529 dilexit..
976 2461 1103 2550 pigeret
1116 2462 1245 2542 referre,

120 2565 156 2630 ni
187 2585 240 2630 res
264 2562 468 2630 Maecenatis
502 2573 536 2628 et
560 2561 698 2628 Fabiani
731 2572 764 2629 et
789 2561 885 2630 Flavi
910 2562 977 2628 Alfi
1009 2563 1246 2648 multorumque

122 2677 207 2732 essct
219 2665 335 2733 litteris
349 2665 551 2731 mandata..
560 2688 569 2742 ;
592 2685 799 2750 quocumque
810 2665 876 2733 diei
891 2675 1032 2751 tempore
1052 2665 1245 2734 inclamatus
1258 2672 1292 2720 2⁵
1338 2676 1344 2689 ’

121 2789 142 2831 a
160 2789 263 2854 puero
285 2766 431 2851 quamvis
462 2767 608 2832 occultus
634 2775 732 2851 atque
760 2763 889 2831 abditus
916 2789 958 2832 ex
984 2766 1048 2832 imo
1075 2765 1246 2833 advolabat

120 2879 297 2954 pastusque
320 2889 338 2932 c
358 2890 457 2932 manu
469 2867 648 2953 praebebat
661 2867 858 2932 adscensum
873 2867 1014 2945 dorsum,
1036 2866 1153 2953 pinnae
1167 2890 1245 2933 acu·

121 2969 188 3035 leos
214 2969 305 3033 velut
331 2967 450 3055 vagina
477 2967 629 3045 condens,
659 2977 890 3053 receptumque
910 2967 1063 3035 Puteolos
1089 2991 1147 3054 per
1174 2990 1244 3034 ma-

121 3171 231 3224 Salmas.
240 3185 322 3222 exerc.
332 3186 357 3236 p.
368 3178 425 3223 130.
434 3188 457 3223 a
467 3169 511 3235 O.)
530 3169 674 3222 namucum
683 3169 756 3232 saltu,
766 3175 821 3224 cod.
830 3172 1015 3223 vetustissimus
1023 3172 1149 3223 Massurii.
1170 3179 1245 3234 emto,

121 3240 179 3291 libri
195 3239 279 3291 minus
295 3241 392 3303 antiqui
409 3255 449 3305 ap.
468 3240 576 3292 Salmas.
598 3240 679 3291 Varia
691 3240 793 3290 coniicit
803 3239 909 3290 Barbas.
928 3279 960 3290 .-
991 3237 1124 3304 Vaqontur,
1136 3239 1244 3291 Salmas.

89 3346 92 3350 A
120 3308 194 3358 lun.
217 3314 329 3371 casaur,
345 3309 404 3359 Ru
419 3306 492 3372 (cum
506 3305 615 3371 rasura.)
636 3313 747 3374 equatur,
767 3301 796 3357 θ.
824 3305 915 3373 Apum,
932 3303 961 3370 β.
985 3308 1067 3358 Varia
1083 3308 1245 3358 coniecerunt

120 3376 235 3438 Barbas,
249 3375 318 3427 Pint.
335 3385 361 3427 et
376 3377 513 3429 Rondeict.
531 3378 562 3428 da
578 3378 653 3442 piscc.
670 3392 695 3440 p.
714 3383 754 3427 32.
775 3376 810 3426 V.
828 3375 910 3427 Solin.
928 3382 968 3438 12,
981 3383 1004 3428 3.
1018 3385 1043 3426 ct
1058 3376 1167 3428 Ariston
1184 3375 1244 3427 hist.

121 3444 198 3493 anim.
216 3449 240 3506 9,
257 3449 297 3495 48.
314 3460 339 3509 p.
358 3444 425 3496 calb
439 3453 461 3497 1.
480 3487 512 3497 ..
522 3446 588 3508 sere,
606 3439 711 3497 ΒθΤᾱ
726 3443 831 3510 (optimi
847 3446 920 3495 codd.
939 3442 1061 3507 Salmas.)
1083 3459 1143 3506 vere,
1160 3444 1244 3494 minus

121 3510 220 3573 antiqui
236 3525 277 3573 ap.
294 3514 367 3561 eund.
389 3528 452 3572 vero,
463 3530 483 3564 r.
503 3553 534 3563 ..
552 3511 654 3576 coniugi,
666 3513 774 3565 Salmas.
792 3551 825 3562 ..
839 3513 941 3576 pariunt
956 3514 1011 3575 rel,
1023 3529 1047 3561 v.
1059 3511 1165 3562 Aristot
1184 3511 1243 3561 hist
1263 3545 1265 3552 .

121 3576 199 3626 anim.
212 3581 235 3637 6,
249 3582 289 3626 12.
300 3591 326 3640 p.
340 3577 407 3628 566b
421 3583 461 3629 1⁷.
481 3619 513 3629 -
530 3577 654 3638 interdum,
667 3595 686 3629 r.
706 3620 737 3630 ..
757 3578 880 3640 balnense,
891 3575 921 3640 β.

156 3641 171 3704 §
184 3649 224 3692 22.
242 3657 338 3704 aquam,
349 3644 381 3692 R.
401 3684 432 3692 ..
450 3660 496 3695 non
507 3653 601 3708 qucum,
612 3640 737 3697 ROTdr.
756 3653 879 3709 nequeunt,
889 3641 919 3706 β.

156 3713 224 3776 523.
248 3724 298 3772 nec,
313 3704 447 3760 ROSTd
475 3717 505 3771 et,
520 3713 627 3762 Barbas.
641 3709 672 3774 β.
689 3754 721 3763 ..
740 3711 814 3773 laud,
825 3714 857 3763 B.
883 3727 938 3772 noa,
955 3712 1008 3761 Td.
1028 3748 1060 3760 ..
1079 3727 1126 3772 pro
1142 3726 1203 3772 voce,
1219 3725 1243 3761 v.

120 3779 229 3831 Annos.
242 3777 302 3828 hist.
314 3778 391 3828 anim.
405 3784 429 3839 4,
442 3783 466 3830 9.
478 3792 504 3842 p.
518 3777 586 3828 5351>
598 3785 639 3829 32.
657 3819 688 3829 ..
708 3779 786 3840 dorso,
798 3781 823 3829 d.
841 3818 874 3828 ..
891 3785 1000 3837 rostrum,
1013 3779 1096 3827 omitt.
1108 3778 1162 3828 Bd.

155 3849 170 3912 5
183 3853 224 3897 24.
242 3843 336 3908 lamba,
348 3845 422 3896 codd.
435 3843 492 3898 Gel.
510 3842 618 3906 hominu,
629 3839 680 3898 Re
685 3849 709 3897 d.
727 3886 760 3896 ..
777 3844 869 3894 musica
880 3852 933 3893 orte
942 3841 1072 3893 mulceatur
1083 3843 1243 3910 nymphamne,

121 3915 155 3964 K.
173 3930 202 3964 cn
212 3912 303 3964 musmo
313 3920 373 3975 aru,
385 3913 494 3965 Salmas.
511 3953 544 3963 -
562 3920 726 3977 &pavescunt
738 3914 820 3965 R'ru
833 3952 866 3962 ..
882 3911 906 3961 α’
915 3912 1015 3974 obuiam,
1027 3912 1094 3964 Tus
1111 3954 1143 3963 ..
1161 3913 1242 3977 assit,

121 3981 154 4032 K.
172 3982 193 4031 io
209 3980 279 4044 venit,
294 3982 385 4032 Dulce.
404 4021 436 4032 ..
454 3979 531 4043 oldut,
543 3981 625 4033 BTd.
644 4020 676 4031 ..
693 3979 811 4046 Aequas,
823 3980 868 4030 R2.
888 3987 976 4042 ouum,
987 3980 1054 4031 R'd.
1073 4020 1105 4041 ..,
1127 3980 1242 4044 Puteolis,

121 4042 228 4101 Reus.
245 4091 278 4101 -.
300 4049 326 4099 in
338 4047 393 4098 ludo
405 4047 534 4111 literarum,
546 4066 566 4101 r.
585 4090 618 4100 ..
635 4048 740 4111 dautem
756 4041 785 4098 θ.
811 4055 919 4109 stonum,
936 4047 1035 4100 BTdr.
1054 4088 1086 4100 ..
1103 4065 1241 4112 memorans,

121 4117 203 4166 RTd.
216 4157 249 4167 ...
266 4117 346 4179 oum,
358 4109 467 4178 ROTd
485 4117 514 4166 ob
530 4114 563 4179 id,
579 4112 630 4181 βγ.
648 4158 681 4168 ..
699 4115 825 4179 aduncae,
837 4118 862 4167 d.
883 4114 1012 4179 danae,
1024 4116 1056 4168 B.
1075 4158 1106 4167 ..
1128 4115 1242 4176 Fabiani,

121 4184 190 4233 Pint.
202 4185 218 4234 d
230 4181 277 4247 (i).
294 4183 416 4248 Παυίαηὶ,
427 4180 485 4247 Ββ.
503 4226 536 4236 ..
554 4183 636 4248 Flaui,
647 4201 671 4237 v.
683 4188 716 4236 ad
727 4185 836 4237 indicem
846 4185 923 4237 huius
933 4185 992 4236 libri
1003 4200 1041 4236 nr.
1055 4192 1095 4237 42.
1113 4224 1145 4238 ...
1163 4193 1204 4246 est,
1217 4186 1241 4233 (1.

156 4248 224 4310 §iia
239 4267 340 4315 pennae,
355 4244 399 4303 Or.
419 4293 450 4303 -
468 4246 583 4323 cculmssss,
595 4254 619 4304 d.

1021 4319 1038 4351 1
