2896 4800
386 287 457 336 uns.
472 288 521 336 x1.
549 285 628 335 oar.
642 265 784 336 xxxvu.
814 284 912 336 anor.
928 286 960 333 a.
974 288 1005 333 ss.
1194 269 1256 336 291

135 441 295 530 quaedam
315 437 473 507 visibilem
494 439 565 507 eius
586 448 711 526 partem
732 436 894 524 accipiunt
913 447 1011 524 atquc
1025 438 1256 506 transmittunt.

136 544 195 612 Sic
209 565 327 632 magna
341 541 495 630 cogitatio
508 540 663 608 obcaecat
676 540 816 607 abducto
829 539 918 607 intus
930 540 1019 620 visu3
1042 539 1089 608 sic
1101 541 1136 606 in
1145 542 1257 610 morbo
1272 556 1319 606 147

135 645 296 724 comitiali,
308 642 413 709 animo
425 642 595 729 caligante,
607 641 711 729 aperti
721 641 802 708 nibil
812 651 957 709 cernunt.
973 639 1063 723 Quin
1075 651 1107 709 et
1116 643 1257 729 patenti·

134 744 197 813 bus
222 744 386 811 dormiunt
408 745 537 831 lepores
562 743 717 828 multique
742 742 925 821 hominum,
957 764 1039 827 quos
1063 744 1258 829 κορυβαντιᾶν

135 845 254 915 Graeci
266 847 386 912 dicunt.
408 845 575 913 Tenuibus
586 844 760 930 multisque
771 842 967 911 membranis
979 867 1035 911 eos
1044 854 1160 910 natura
1171 866 1259 911 oom-

129 948 262 1034 posuit,
290 947 416 1014 callosis
443 957 555 1012 contra
580 946 704 1033 frigora
730 946 916 1031 caloresque
937 947 971 1010 in
993 957 1124 1011 extumo
1145 946 1259 1012 tunicis

135 1071 217 1134 quas
234 1048 372 1115 subinde
387 1047 538 1136 purificat
551 1048 807 1115 lacrimationum
822 1047 942 1128 salivis,
963 1047 1106 1114 lubricos
1127 1058 1261 1136 propter
1363 1109 1371 1125 ,

136 1149 335 1217 incursantia
356 1160 389 1217 et
409 1149 545 1217 mobilis.

177 1251 229 1317 55.
263 1250 377 1318 Media
409 1274 519 1318 sorum
550 1274 672 1318 cornua
696 1251 883 1318 fenestravit
909 1250 1049 1338 pupilla,
1082 1252 1322 1318 cuiusan·14a

135 1352 263 1437 gustiae
288 1374 354 1418 non
384 1351 493 1418 sinunt
519 1354 631 1441 vagari
659 1355 816 1420 incertam
842 1353 944 1419 aciem
976 1375 1016 1420 ac
1044 1353 1132 1420 velut
1158 1353 1261 1421 canali

136 1452 279 1542 dirigunt
301 1454 469 1540 obi-terque
488 1455 664 1523 incidentia
683 1456 779 1522 facile
792 1455 964 1535 declinant,
986 1455 1057 1521 aliis
1070 1454 1167 1542 nigri,
1189 1456 1261 1521 aliis

135 1554 217 1634 ravi,
239 1556 312 1622 aliis
332 1556 441 1645 glauci
463 1557 578 1623 coloris
599 1556 733 1624 orbibus
753 1556 971 1635 circumdatis,
999 1555 1099 1622 habili
1119 1557 1262 1622 mixtura

136 1667 175 1721 ut
195 1656 372 1743 accipiatur
383 1658 587 1725 circumiecto
602 1660 743 1726 candore
760 1658 817 1724 lux
832 1669 865 1724 et
879 1669 1054 1745 temperato
1068 1681 1262 1746 repercussu

136 1780 201 1824 non
222 1757 407 1845 obstrepat,
431 1760 578 1846 adeoque
603 1761 645 1826 iis
666 1760 814 1828 absoluta
827 1761 878 1826 vis
893 1761 1017 1847 speculi
1031 1770 1069 1826 ut
1082 1770 1147 1826 tam
1160 1784 1262 1847 parva

136 1860 191 1926 illa
218 1861 342 1947 pupilla
371 1870 469 1926 totam
496 1860 671 1948 imaginem
698 1861 815 1927 reddat
839 1860 986 1926 bominis.
1017 1859 1069 1925 Ea
1095 1869 1263 1927 causaest

136 1971 174 2026 ut
199 1960 375 2047 pleraeque
395 1962 507 2028 alitum
534 1984 552 2027 e
573 1962 723 2029 manibus
742 1961 908 2027 hominum
929 1962 1038 2028 oculos
1058 1961 1262 2048 potissimum

138 2062 307 2149 adpetant,
345 2064 433 2148 quod
464 2062 606 2150 effigiem
635 2085 727 2130 suam
759 2063 794 2128 in
825 2062 866 2128 iis
898 2073 1068 2130 cernentes
1099 2064 1188 2129 velut
1218 2063 1263 2127 ad

138 2175 277 2253 cognata
290 2164 451 2230 desideria
472 2187 532 2231 sua
553 2165 699 2232 tendunt
720 2165 874 2231 Veterina
895 2174 1020 2230 tantum
1040 2165 1200 2250 quaedam
1220 2163 1262 2230 ad
1276 2179 1325 2225 149

137 2266 335 2332 incrementa
360 2267 456 2332 lunae
483 2266 614 2332 morbos
643 2265 788 2333 sentiunt
795 2291 804 2344 3
839 2265 897 2332 sed
917 2266 1012 2332 bomo
1034 2265 1122 2332 solus
1143 2265 1262 2331 emisso

138 2388 250 2432 umore
283 2367 436 2432 caecitate
467 2366 631 2434 liberatur.
668 2367 750 2434 Post
781 2367 970 2434 vicesimum
1001 2389 1122 2432 annum
1153 2364 1264 2429 multis

138 2468 309 2536 restitutus
338 2478 390 2534 est
410 2468 516 2549 visus,
549 2469 745 2554 quibusdam
767 2468 877 2534 statim
897 2467 1103 2535 nascentibus
1124 2476 1263 2553 negatus

137 2571 226 2636 nullo
258 2570 422 2637 oculorum
454 2570 542 2651 vitio,
575 2571 686 2638 multis
704 2581 851 2657 repente
882 2570 1010 2635 ablatus
1043 2567 1139 2634 simili
1164 2567 1262 2633 modo
1318 2608 1319 2612 =

137 2673 226 2739 nulla
246 2673 457 2760 praecedente
477 2672 602 2739 iniuria
624 2673 737 2740 Venas
751 2672 793 2739 ab
806 2672 849 2738 iis
861 2671 1023 2758 pertinere
1036 2669 1080 2736 ad
1093 2669 1262 2736 cerebrum

138 2773 325 2862 peritissimi
339 2785 487 2842 auctores
503 2776 643 2855 tradunt,
666 2798 727 2864 ego
741 2785 775 2840 et
788 2774 831 2839 ad
844 2773 1042 2840 stomachum
1053 2771 1262 2848 crediderim,

139 2886 227 2943 certe
247 2875 328 2941 nulli
350 2876 420 2943 sine
434 2876 667 2943 redundatione
682 2877 753 2941 eius
762 2876 887 2941 eruitur
902 2876 1024 2941 oculus.
1045 2872 1262 2940 Morientibus
1276 2887 1326 2937 sto

138 3063 165 3109 p.
179 3042 249 3108 199.)
267 3045 408 3109 osculamur,
419 3043 471 3112 ssr.
491 3088 523 3098 ..
540 3047 643 3096 animam
655 3045 741 3110 ipsana
752 3048 807 3097 Rd.
826 3043 928 3095 animum
940 3045 995 3110 ipsi
1012 3037 1040 3096 θ.
1058 3043 1163 3095 animam
1175 3045 1261 3110 ipsam,

139 3112 316 3164 Hildebrandt.
328 3116 362 3164 ad
372 3115 470 3180 Appnl.
483 3117 514 3166 T.
526 3114 548 3164 Ι.
560 3129 585 3176 p.
599 3118 656 3165 176.
673 3154 706 3163 ..
725 3112 839 3174 videmur,
853 3115 877 3163 d.
895 3112 995 3176 videtur,
1007 3107 1064 3164 130.
1083 3154 1115 3162 ...
1139 3113 1196 3174 Hic,
1207 3115 1261 3165 Rd.

140 3219 172 3229 ..
190 3179 296 3244 νίρεηιιζς,
308 3181 340 3231 Β.
357 3188 395 3233 ..“
408 3190 444 3231 est
455 3181 545 3244 bomar,
560 3181 615 3231 Rd.
647 3178 730 3230 lucror
745 3187 786 3243 est,
798 3176 848 3245 βγ.
868 3220 899 3230 ..
917 3179 1006 3230 Animo
1022 3180 1262 3230 cam-cernimur

139 3263 191 3298 om.
203 3248 248 3299 12¹.
266 3290 298 3300 ..
317 3265 381 3309 vose,
393 3250 425 3300 R.

174 3314 189 3378 ἓ
203 3320 259 3368 147.
277 3317 367 3380 monas,
380 3319 450 3369 Tdr.
463 3359 495 3368 ...
507 3315 726 3377 onisco..ccmaat,
734 3317 767 3366 R
784 3315 863 3365 onisco
874 3313 921 3366 ccl.
933 3332 974 3380 ap.
986 3314 1048 3365 aar!
1057 3332 1129 3378 cera,
1138 3310 1188 3380 βγ.
1202 3316 1260 3367 Om.

140 3385 165 3433 d.
182 3426 214 3434 -
233 3401 299 3448 quoa,
311 3387 366 3437 Rd.
388 3401 458 3449 qaas,
474 3378 502 3436 θ.
524 3383 595 3448 quod,
606 3381 635 3447 β.
655 3425 687 3435 ..
704 3379 894 3448 κορυβαντιᾶν,
906 3384 928 3434 Ι.
941 3385 971 3436 O.
984 3385 1098 3450 Scaliger
1109 3387 1142 3435 ad
1152 3385 1260 3435 Aristot.

139 3452 157 3501 L
170 3452 222 3502 LI.
235 3458 259 3514 9,
273 3457 312 3504 ⁷2.
335 3454 480 3518 corybanta,
492 3455 517 3505 R
527 3452 590 3517 (vet
604 3455 688 3518 script.
705 3452 812 3504 Salmas.
829 3468 912 3504 exero.
928 3469 954 3518 p.
968 3451 1122 3516 764114)
1145 3452 1261 3517 coryban-

141 3517 196 3579 tias,
217 3511 246 3567 θ.
269 3521 442 3584 corybonoirrc,
459 3523 483 3572 d.
506 3522 537 3572 Id
553 3523 631 3572 ctiam
647 3521 738 3571 volunt
750 3520 844 3584 Scalig.
856 3523 890 3571 ad
902 3521 997 3572 catull.
1010 3529 1051 3582 41,
1070 3529 1093 3572 8.
1106 3530 1131 3571 ct
1142 3519 1260 3581 Rutgors.

140 3599 192 3633 var.
210 3586 278 3635 lectt.
292 3593 314 3645 6,
327 3593 351 3636 8.
372 3588 542 3651 combustam,
558 3584 587 3650 β.
607 3629 638 3639 -
660 3587 902 3651 Graccidicuat,1l.
924 3587 1055 3652 predicunt,
1068 3591 1092 3638 d.
1115 3585 1260 3650 recrearunt,

140 3658 190 3700 vat.
207 3651 331 3715 scriptura
347 3653 455 3703 Salmas.
477 3653 582 3715 aedunt,
599 3656 693 3718 Scalig.
710 3656 785 3705 filius.
804 3696 837 3704 ..
855 3663 955 3717 ammo,
973 3650 1082 3707 Reor.
1104 3654 1198 3716 cotim,
1215 3654 1260 3717 dr.

141 3726 252 3780 amomo,
263 3710 293 3780 β.
313 3759 344 3768 ..
359 3718 483 3782 parificat,
494 3721 545 3771 Rr.
557 3720 699 3785 parr'ficoat,
711 3716 781 3785 dssr.
800 3760 833 3772 ..
851 3720 937 3782 soliva,
948 3737 969 3772 r.

175 3785 191 3847 i
202 3792 258 3837 148.
277 3801 373 3848 mmac,
385 3788 438 3836 Rd.
456 3803 549 3850 corneo,
560 3785 590 3849 β.
603 3829 634 3838 -
646 3804 684 3850 oc,
693 3788 725 3837 a
743 3796 773 3849 ct,
783 3784 855 3853 ᾶβγ.
868 3828 900 3838 ..
912 3790 941 3838 ob
952 3787 1012 3852 idqa
1022 3792 1046 3840 d.
1058 3789 1091 3838 V.
1100 3787 1186 3839 Hand.
1195 3787 1261 3838 Tur-

141 3855 198 3906 sell.
211 3861 235 3917 4,
248 3860 305 3905 364.
320 3895 351 3902 ..
369 3851 425 3902 aliis
437 3852 508 3918 nigri,
519 3857 551 3905 R.
569 3853 626 3904 alio
636 3854 716 3919 nr‘grc,
729 3854 805 3906 STd.
824 3854 880 3905 oliab
892 3855 964 3920 aspra}
976 3855 1031 3906 alica
1042 3854 1101 3916 otri,
1113 3850 1142 3916 β.
1154 3896 1187 3905 -
1205 3854 1263 3904 aliis

141 3923 203 3984 ravi,
214 3915 284 3974 3²8.
302 3919 359 3971 aliis
370 3921 449 3983 aravi,
460 3921 579 3973 B'STd.
597 3920 655 3971 aliis
666 3922 721 3986 rufi,
733 3917 762 3982 β.
780 3924 813 3973 V.
827 3923 934 3974 Aristot.
945 3925 963 3974 l.
975 3925 993 3973 l.
1007 3931 1030 3985 l,
1044 3930 1083 3974 lo.
1103 3964 1134 3972 -
1153 3921 1216 3984 olio,
1227 3925 1260 3975 B.

143 3989 207 4052 calb,
220 3989 295 4041 STd.
314 4032 345 4039 ..
364 3987 441 4038 labili
454 3988 555 4039 mistura
570 3996 603 4048 at,
624 3981 653 4040 θ.
679 3988 770 4040 athala
783 3991 849 4040 mist.
862 3998 892 4053 ct,
904 3986 1005 4056 Rcssr.
1032 3999 1055 4040 ct
1065 3989 1143 4040 labili
1152 3990 1218 4042 vniat.
1231 4000 1261 4052 ct,

143 4058 175 4107 Τ.
193 4097 225 4106 -
243 4065 405 4121 ortempercto,
417 4058 471 4108 Rd.
488 4098 520 4106 -
535 4055 651 4122 plerique,
664 4059 695 4109 R.

177 4121 262 4183 51⁴⁹-
280 4124 431 4188 momento,
443 4127 488 4176 R2.
511 4133 635 4187 crotonas,
650 4119 734 4178 R‘Od
750 4123 874 4192 (quinquo
890 4129 962 4179 codd.
975 4144 1014 4194 ap.
1028 4127 1145 4180 Oudend.
1162 4129 1195 4177 ad
1206 4129 1261 4191 Ap·

142 4191 196 4254 pul.
208 4198 268 4240 mat.
280 4207 305 4255 p.
320 4189 390 4255 161.)
401 4208 426 4258 γ.
444 4235 477 4244 ..
496 4191 552 4254 ullo,
565 4196 589 4244 d.
609 4233 640 4243 ..
665 4194 763 4255 Vanam,
776 4197 801 4244 d.
820 4236 853 4245 -
870 4203 984 4258 accarca,
997 4197 1105 4247 Aristot.
1121 4197 1139 4246 l.
1151 4197 1169 4246 l.
1184 4200 1207 4257 1,
1222 4201 1260 4244 11.

142 4273 169 4320 p.
182 4262 303 4308 491411.
322 4298 354 4311 ..
372 4268 456 4324 ccccl,
467 4252 577 4311 Boua.
595 4277 645 4326 eqo,
656 4257 686 4324 β.
707 4300 734 4311 ..
756 4262 861 4327 octar,
872 4277 893 4314 r.
910 4271 1058 4315 cameratio.
1069 4265 1159 4316 Dalec.

1041 4331 1059 4364 ff
