2896 4800
201 257 243 320 48
557 270 760 319 aurursus
782 228 978 319 maronias

244 420 391 490 XthI.
423 421 476 487 48.
507 418 725 488 Consecratus
750 433 801 489 est
826 422 918 488 vivos
946 423 1152 508 sentiensque
1181 425 1327 494 eiusdem
1342 448 1391 495 rsa

202 524 324 595 oraculi
345 524 437 588 iussu
458 530 491 587 ct
510 520 601 587 Iovis
622 522 758 588 deorum
785 523 900 589 summi
922 523 1120 610 adstipulatu
1141 525 1327 612 Euthymus

202 638 314 715 pycta,
342 643 467 708 semper
496 620 670 709 Olympiae
696 623 798 691 victor
825 636 858 691 et
884 625 982 690 semel
1007 625 1122 692 victus.
1158 626 1270 694 Patria
1295 632 1326 698 ei

200 728 300 795 Locri
320 727 355 793 iu
375 723 480 790 Italia.
501 723 554 789 Ibi
573 725 748 810 imaginem
769 725 849 790 eius·
862 735 895 791 et
917 725 1091 812 Olympiae
1112 728 1248 795 alteram
1268 753 1325 798 eo-

202 831 275 896 dem
296 828 348 893 die
370 835 491 892 tactam
512 825 645 891 fulmine
662 823 895 892 Callimachum
916 837 953 892 ut
974 828 1053 892 nihil
1074 829 1161 894 aliud
1174 830 1326 897 miratum
1377 904 1390 917 ,

200 931 294 998 video
320 928 363 992 ad
391 948 529 1011 eumque
556 926 690 992 iussisse
717 927 900 1006 sacrificari,
927 928 1015 1011 quod
1044 938 1077 994 et
1103 930 1176 996 vivo
1198 931 1326 997 iactita-

201 1043 271 1098 tum
292 1040 325 1096 ct
345 1038 487 1105 mortu03
515 1027 657 1112 nihilque
679 1027 759 1094 adeo
786 1029 904 1095 mirum
924 1029 1014 1095 aliud
1035 1052 1132 1115 quam
1152 1030 1224 1109 hoc,
1252 1031 1324 1117 pla-

201 1133 307 1200 cuisse
329 1130 390 1195 dis.

242 1229 409 1296 XLVIII.
440 1230 493 1295 49.
520 1230 573 1296 De
601 1231 704 1317 spatio
733 1240 831 1315 atque
856 1230 1090 1318 longinquitate
1115 1235 1200 1300 vitae
1220 1233 1324 1300 homi-
1339 1253 1387 1298 ras

200 1357 280 1401 num
300 1354 365 1397 non
385 1331 527 1397 locorum
547 1332 644 1397 modo
667 1332 750 1397 situs
772 1355 884 1398 verum
907 1336 1055 1421 exempla
1076 1358 1114 1401 ac
1137 1356 1196 1401 sua
1208 1335 1325 1420 cuique

202 1459 272 1503 sors
293 1432 446 1499 nascendi
467 1433 626 1498 incertum
647 1433 763 1498 fecere.
794 1432 973 1512 Hesiodus,
996 1435 1052 1519 qui
1073 1436 1197 1521 primus
1217 1437 1326 1521 aliqua

201 1542 241 1607 de
262 1538 323 1604 hoc
343 1535 495 1623 prodidit,
523 1533 682 1611 fabulose,
704 1545 846 1613 utrem,
868 1535 969 1600 multa
991 1536 1032 1602 de
1058 1537 1224 1603 hominum
1244 1561 1324 1604 aevo

163 1675 170 1685 ι
200 1640 342 1705 referens
364 1635 484 1702 cornici
503 1656 621 1715 novem
641 1642 768 1700 nostras
790 1635 938 1701 attribuit
957 1647 1088 1718 aetates,
1108 1638 1324 1724 quadruplum

201 1741 271 1806 eius
299 1737 413 1817 cervis,
441 1736 475 1800 id
503 1736 702 1821 triplicatum
728 1737 842 1815 corvis,
876 1747 909 1802 et
936 1739 1061 1822 reliqua
1085 1737 1260 1803 fabulosius
1288 1738 1323 1803 in

200 1838 357 1927 phoenice
383 1860 421 1903 ac
442 1836 616 1924 Nymphis.
651 1833 824 1904 Anacreon
849 1849 944 1924 poeta
963 1838 1186 1928 Arganthonio
1206 1838 1387 1905 Tarte-154

203 1940 324 2004 siorum
349 1938 421 2023 regi
449 1959 488 2001 cr.
516 1938 628 2003 tribuit
652 1961 765 2016 annos,
793 1937 934 2024 Cinyrae
958 1938 1154 2026 Cypriorum
1179 1964 1204 2005 x
1231 1941 1323 2007 annis

201 2039 350 2125 amplius,
378 2038 531 2127 Aegimio
553 2061 607 2119 cc,
637 2039 864 2127 Theopompus
885 2040 1070 2127 Epimenidi
1093 2038 1214 2107 Cnosio
1235 2064 1321 2107 amu.

200 2142 390 2208 Hellanicus
420 2141 576 2224 quosdam
603 2141 638 2206 in
658 2139 790 2207 Aetolia
810 2141 970 2228 Epiorum
994 2141 1101 2228 gentis
1123 2163 1162 2207 cc
1183 2143 1323 2228 explere,

201 2245 254 2311 cui
275 2244 490 2329 adstipulatur
510 2243 682 2311 Damastes
704 2266 882 2309 memorans
896 2243 1082 2309 Pictoreum
1104 2267 1146 2313 ex
1166 2243 1210 2309 iis·
1228 2267 1324 2331 prae-

201 2346 333 2432 cipuum
354 2367 488 2430 corpore
509 2345 698 2430 viribusque
724 2345 821 2410 ctiam
842 2367 900 2411 ccc
921 2345 1056 2424 vixisse3
1083 2344 1236 2432 Ephorus
1258 2347 1323 2412 Ar-

202 2447 318 2513 cadum
349 2469 443 2533 reges
475 2467 532 2511 ccc
565 2446 674 2525 annis3
718 2445 905 2512 Alexander
931 2445 1099 2512 Cornelius
1129 2447 1323 2514 Dandonem
1337 2459 1384 2505 1⁵⁵

202 2546 364 2634 quendam
388 2546 423 2610 in
443 2545 572 2631 Illyrico
597 2570 620 2611 υ
647 2546 783 2626 vixisse,
817 2546 1004 2634 Xenophon
1038 2547 1073 2611 in
1099 2548 1225 2634 periplo
1251 2547 1321 2615 Lu·

236 2755 251 2818 ξ
265 2758 321 2803 152.
340 2750 441 2801 eiusdem
453 2751 552 2816 oraculi,
563 2753 617 2805 Rd.
635 2754 727 2809 oraculi
736 2753 846 2816 audem,
857 2751 908 2820 βγ.
927 2795 958 2806 ..
976 2755 1068 2818 summi,
1080 2757 1112 2807 R.
1131 2754 1162 2818 ui,
1175 2758 1199 2807 d.
1223 2797 1254 2806 ..
1277 2753 1322 2805 ad-

201 2818 335 2885 stipulatus,
349 2822 372 2869 d.
386 2862 417 2870 -
429 2818 570 2885 Eutlpmar,
580 2823 708 2874 Barbarus
719 2840 753 2875 ex
763 2826 875 2875 Pansam.
886 2822 934 2874 VI.
947 2829 970 2885 6,
983 2829 1007 2873 4.
1024 2821 1150 2889 Eutymur,
1163 2826 1187 2874 d.
1204 2822 1322 2885 Eutimus,

182 2890 234 2945 R.
254 2929 286 2937 ..
301 2895 388 2952 pycta,
400 2889 446 2939 Rd
459 2887 544 2950 (codd.
556 2889 685 2954 Barbari.)
700 2901 780 2955 poeta,
792 2893 825 2944 Κ.
858 2931 889 2940 -
920 2888 965 2940 aad
975 2898 1022 2952 ter,
1034 2894 1128 2943 Meurs.
1149 2892 1204 2942 Att.
1216 2892 1285 2940 lectt.
1299 2897 1321 2940 5.

201 2971 226 3020 p.
240 2960 297 3006 801.
315 2971 393 3019 saepe,
404 2958 492 3006 Daris.
505 2960 536 3007 ad
549 2958 600 3008 Cic.
613 2959 645 3009 N.
657 2961 691 3008 D.
704 2967 728 3020 3,
741 2964 781 3011 27.
795 3001 826 3012 ,.
844 2959 971 3020 Patriam,
983 2960 1036 3009 Ru
1051 3001 1082 3010 ..
1100 2959 1146 3024 ubi,
1158 2975 1178 3008 r.
1190 2998 1222 3008 ..
1235 2955 1322 3018 eodem,

201 3025 254 3074 Rd.
277 3021 366 3086 eadem,
382 3018 433 3088 βγ,
453 3065 484 3074 ..
510 3022 688 3088 Callimachum,
703 3027 794 3091 fragm.
807 3033 865 3078 399.
884 3030 923 3077 ed.
935 3028 1030 3089 Bentl,
1046 3029 1091 3079 ubi
1106 3028 1152 3076 vix
1168 3039 1322 3090 quemquam

200 3091 288 3155 fugere
303 3098 400 3157 potest,
424 3108 479 3144 esse
495 3107 528 3142 ex
543 3094 609 3143 libro
626 3094 779 3145 Callimachi
794 3090 857 3161 περὶ
875 3091 1044 3157 θαυμασίων.
1063 3138 1096 3146 ..
1119 3102 1151 3156 ut,
1169 3109 1219 3143 om.
1233 3095 1270 3142 d¹.
1289 3134 1321 3142 -

200 3157 235 3207 ad
245 3175 348 3222 eumque,
359 3153 443 3212 R8d.
461 3157 581 3223 deumque,
593 3157 621 3221 β.
642 3202 671 3210 ..
690 3162 836 3226 sacmficare,
852 3157 880 3213 θ.
900 3205 932 3213 ..
950 3162 1055 3226 nihilque
1066 3161 1095 3211 de
1106 3179 1141 3223 eo,
1154 3162 1187 3210 T.
1364 3165 1368 3171 “

235 3229 319 3291 5153.
345 3243 434 3290 spara,
449 3229 482 3277 R.
509 3269 541 3278 -
567 3227 695 3292 Hesiodus,
712 3247 753 3296 ap.
769 3233 900 3282 Plutarch.
915 3230 963 3279 def.
977 3245 1043 3279 orac.
1057 3245 1081 3292 p.
1095 3234 1153 3278 415.
1167 3228 1197 3277 C.
1216 3228 1247 3276 ’-
1273 3226 1323 3287 qai,

201 3308 252 3343 om.
266 3295 302 3342 d¹.
320 3335 352 3344 -
371 3293 407 3356 cle,
420 3296 502 3344 omitt.
513 3296 566 3356 Rd,
578 3300 646 3360 quod
657 3305 743 3347 tamen
754 3313 795 3347 me
806 3312 859 3346 non
870 3311 971 3346 movere
981 3304 1074 3359 potest,
1086 3303 1115 3344 ut
1126 3292 1210 3354 almus
1220 3307 1266 3356 pro
1279 3295 1322 3341 ad-

199 3361 287 3475 pprbg)
298 3361 414 3411 habeam.
432 3402 464 3411 ...
483 3370 577 3411 masmae
588 3379 676 3426 novem,
689 3368 713 3414 d.
732 3405 763 3415 ..
782 3363 816 3427 id,
827 3366 859 3413 R.
877 3363 909 3425 in,
922 3366 947 3413 d.
964 3401 997 3412 ...
1015 3361 1040 3409 irs
1048 3360 1169 3424 phoenice,
1180 3359 1213 3408 R.
1236 3358 1261 3407 ia
1272 3357 1324 3407 nice

232 3443 251 3488 c,
282 3463 288 3475 .

236 3493 250 3555 §
265 3500 320 3545 154.
343 3493 482 3559 Anacreon,
493 3499 542 3548 rid.
554 3500 662 3550 Lucian.
673 3500 787 3550 Maerob.
801 3505 841 3548 10.
860 3536 892 3546 ..
909 3493 1089 3560 Aryaatltom'o,
1101 3495 1206 3546 Barbar.
1223 3492 1324 3558 Aryua·

202 3561 276 3624 maio,
296 3563 349 3613 Rs.
377 3605 409 3614 -
439 3565 614 3629 Tartesiorum,
631 3569 686 3617 Rd.
713 3564 896 3625 Tartessiorum,
913 3560 965 3628 βγ.
984 3602 1016 3613 -
1037 3560 1091 3626 CL,
1108 3562 1216 3614 RSTd.
1243 3560 1323 3624 CLII

200 3630 338 3694 Augustin.
351 3635 382 3682 de
394 3633 440 3682 civ.
454 3635 493 3682 dei
509 3640 548 3696 15,
561 3641 601 3684 12.
617 3635 687 3684 hunc
697 3633 776 3683 Plinii
789 3634 878 3682 locum
894 3633 1046 3683 exscribens.
1065 3674 1097 3683 -
1115 3630 1223 3697 Epamio,
1239 3633 1271 3681 R.
1291 3671 1323 3680 ..

204 3697 377 3762 Theopompum
394 3701 459 3750 haec
475 3708 577 3765 sumpta
593 3710 653 3751 sunt
668 3716 701 3750 ex
717 3701 805 3750 Valer.
820 3702 892 3751 Max.
908 3701 984 3752 VIII.
1002 3707 1041 3751 13.
1059 3709 1110 3751 ext.
1124 3707 1146 3751 5.
1170 3741 1202 3750 ..
1229 3696 1324 3757 CLIII,

200 3767 282 3817 R'I'd.
304 3765 398 3829 CLVI,
413 3761 442 3818 θ.
463 3765 533 3830 CIV,
544 3785 564 3818 r.
585 3767 628 3818 CL
635 3767 694 3830 VII,
705 3762 734 3829 β.
753 3809 785 3817 ..
802 3767 950 3833 Hellanicm,
962 3769 1053 3833 fragm.
1066 3775 1106 3818 89.
1120 3769 1159 3816 ed.
1171 3766 1272 3816 Mulier.
1292 3803 1324 3811 ..

276 3850 316 3888 ab

201 3897 393 3964 Aetoliepiorum,
405 3902 437 3950 R.
460 3899 621 3968 Ephyrorum,
632 3904 666 3953 K.
686 3944 717 3953 -
735 3911 758 3952 et
765 3903 840 3968 plere,
854 3909 877 3956 d.
896 3947 928 3955 ,.
945 3905 1084 3961 Damastes,
1101 3900 1174 3947 codd.
1188 3897 1246 3947 Gal.
1268 3896 1323 3946 Du-

201 3965 357 4028 miates‚Rd.
375 3967 518 4029 Damiades,
534 3963 578 4018 Or.
598 4010 629 4019 -
647 3971 791 4033 Pictoreum,
802 3974 834 4022 R.
860 3962 999 4029 Parmam,
1012 3963 1063 4015 Od.
1089 3963 1272 4024 Lictoriam,K.
1292 4007 1324 4015 ..

202 4033 240 4095 ι’ἰε)
252 4035 284 4085 R.
302 4034 345 4097 has,
361 4029 412 4086 Od'.
435 4077 467 4085 -
490 4035 604 4099 Eptora,
621 4038 653 4085 R.
674 4036 830 4101 Ephodorua‚
847 4041 899 4088 Td.
925 4031 1090 4096 ttuoptorus,
1107 4049 1127 4080 r.
1149 4033 1209 4083 Vid.
1225 4031 1325 4098 Ephori

202 4100 293 4164 fragm.
309 4110 349 4153 24.
363 4102 740 4162 ed.Mn11er.‚coll.censorin.
754 4109 777 4155 d.
789 4112 841 4154 nat.
855 4108 894 4154 17.
912 4142 944 4151 ..
965 4098 1066 4160 ameum
1082 4089 1110 4148 θ.

237 4172 251 4232 ξ
266 4176 322 4220 155.
344 4166 499 4232 Dandonem,
515 4171 547 4220 R.
575 4166 721 4231 wodanem,
738 4167 789 4220 Od.
808 4208 841 4219 ..
858 4169 898 4229 D,
911 4183 962 4216 om.
974 4169 997 4216 d.
1017 4207 1048 4215 -
1062 4165 1157 4230 periplo
1168 4167 1325 4230 Latmiorum,

202 4236 240 4290 ita
251 4251 264 4286 e
275 4237 387 4300 vestigiis
400 4236 473 4288 codd.
485 4237 580 4302 scripsi,
592 4236 653 4302 quia
664 4251 753 4288 omnes
764 4238 895 4299 hucusque
912 4237 942 4285 de
958 4234 1019 4285 hel.
1035 4235 1150 4299 prolatae
1168 4239 1325 4288 coniecturae
