2896 4800
405 271 474 316 nra.
489 270 554 321 ru,
581 269 659 317 car.
675 269 762 315 xxv.
791 266 890 315 sucu.
905 269 936 313 a.
951 270 982 314 a.
1187 247 1252 315 363

133 425 191 514 gili
219 432 327 490 crusta
353 421 477 498 evenit3
517 429 550 487 et
578 429 676 505 gustu
708 417 972 505 deprehenditur,
1005 418 1143 485 carbone
1175 440 1252 485 vero

132 525 220 610 quod
235 547 310 591 cera
322 522 492 606 resinaque
506 522 721 586 adulteratum
735 529 799 598 est3
821 518 945 605 nigrior
959 529 992 584 et
1008 517 1146 585 flamma.
1167 517 1252 584 Nam

133 627 226 691 melle
247 633 392 689 mutatur
412 623 537 702 statim3
559 622 594 687 in
615 643 713 687 manu
734 620 893 686 contrabit
912 642 1050 686 muscas.
1081 618 1254 686 Praeterea
1268 638 1316 685 ras

134 725 252 793 sinceri
279 725 432 791 densatur
456 726 492 790 in
518 724 628 810 tepida
657 745 742 808 aqua
767 732 861 810 gutta
887 721 995 788 sidens
1016 721 1061 786 ad
1078 721 1146 787 ima
1165 743 1254 800 vasa,

133 826 312 892 adulterata
331 826 394 893 olei
413 827 509 892 modo
530 826 652 892 innatat
673 837 706 891 et
727 825 755 891 si
774 824 917 910 metopio
937 823 1051 889 vitiata
1064 831 1113 888 est
1133 823 1253 889 circulo

134 927 271 999 candido
298 927 448 1016 cingitur.
484 925 621 994 Summa
646 938 698 992 est
717 927 879 1014 probatio,
906 935 942 990 ut
962 924 1013 991 lac
1035 923 1194 1011 coagulet,
1219 923 1255 988 in

133 1039 224 1095 veste
244 1031 385 1095 maculas
405 1053 472 1096 non
485 1029 593 1095 iaciat.
614 1028 687 1094 Nec
701 1027 899 1093 manifestior
912 1027 990 1093 alibi
1004 1027 1110 1103 iraus3
1134 1025 1255 1111 quippe

134 1130 265 1197 milibus
287 1130 452 1197 denudum
475 1131 617 1208 sextarii,
645 1130 745 1217 empti
766 1129 925 1196 vendente
946 1129 1025 1194 fisco
1047 1128 1177 1195 tricenis
1197 1127 1255 1192 de-

133 1232 243 1312 nariis,
266 1244 423 1312 veneunt;
445 1233 479 1298 in
501 1243 626 1298 tantum
647 1231 779 1317 expedit
800 1253 921 1319 augere
942 1230 1110 1316 liquorem.
1145 1227 1255 1314 Xylo-

134 1332 276 1399 balsamo
297 1335 437 1421 pretium
457 1334 493 1399 in
512 1334 611 1400 libras
631 1331 671 1397 X
690 1355 735 1398 vr.

177 1436 230 1501 55.
260 1435 426 1502 Proxuma
458 1435 598 1502 Iudaeae
627 1432 724 1520 Syria
755 1456 855 1521 snpra
879 1433 1065 1500 Phoenicen
1096 1444 1257 1520 styracem
1271 1448 1320 1496 rat

133 1535 242 1623 gignit
260 1537 345 1603 circa
359 1535 486 1603 Gabala
506 1548 539 1603 et
551 1536 760 1602 Marathunta
780 1546 814 1602 et
834 1533 968 1604 Casium
983 1533 1152 1602 Seleuciae
1163 1556 1257 1601 mon-

136 1647 210 1702 tem.
232 1636 343 1705 Arbor
364 1649 413 1705 est
428 1638 541 1704 eodem
555 1640 694 1718 nomine,
717 1648 849 1704 cotoneo
863 1637 947 1702 malo
961 1636 1085 1714 similis,
1106 1636 1258 1703 lacrimae

134 1761 175 1803 ex
196 1749 326 1806 austero
347 1741 480 1806 iucundi
501 1741 620 1820 odoris,
647 1741 735 1806 intus
756 1739 929 1804 similitudo
950 1737 1150 1816 harundinis,
1178 1758 1258 1803 suco

134 1861 327 1928 praegnans.
348 1840 388 1906 In
408 1842 492 1908 hanc
513 1843 598 1908 circa
619 1843 709 1908 canis
730 1851 820 1907 ortus
834 1840 987 1906 advolant
999 1840 1123 1926 pinnati
1137 1839 1256 1904 vermi-

136 1941 200 2007 culi
228 1942 414 2019 erodentes3
449 1943 490 2009 ob
516 1942 553 2007 id
577 1943 613 2007 in
640 1942 736 2008 scobe
763 1940 927 2007 sordescit.
961 1938 1083 2024 Styrax
1107 1938 1258 2005 laudmur
1271 1956 1321 2002 ras

135 2051 211 2127 post
230 2063 331 2128 supra
352 2043 437 2108 dicta
458 2066 499 2109 ex
519 2042 656 2122 Pisidia,
687 2040 820 2122 Sidone,
849 2040 972 2128 Cypro,
999 2038 1128 2120 Cilicia,
1157 2038 1259 2107 Creta

137 2145 297 2223 minume3
322 2166 363 2208 ex
384 2143 514 2210 Amano
537 2141 653 2228 Syriae
666 2142 811 2223 medicis,
835 2143 893 2208 sed
906 2142 1129 2231 unguentariis
1142 2142 1259 2231 magis.

137 2243 234 2312 Coloe
254 2245 290 2309 in
311 2266 514 2329 quacumque
533 2245 664 2310 natione
685 2245 912 2331 praeferuntur
932 2244 1027 2309 rufus
1049 2255 1082 2309 et
1093 2243 1260 2332 pinguiter

135 2346 259 2426 lentus3
282 2346 420 2412 deterior
435 2347 617 2412 furfurosus
632 2356 665 2412 et
679 2369 759 2412 cano
774 2347 838 2411 situ
851 2344 1022 2411 obductus.
1043 2346 1259 2411 Adulteratur

136 2447 225 2513 cedri
245 2447 353 2514 resina
373 2447 426 2514 vel
447 2447 575 2527 cummi,
603 2447 684 2545 alias
710 2447 804 2512 melle
832 2456 890 2511 aut
915 2445 1096 2532 amygdalis
1122 2445 1258 2523 amaris;

165 2621 256 2691 ΝΒ.
277 2619 372 2685 uacci
383 2623 416 2673 R..
437 2621 534 2684 aneae,
546 2624 590 2674 ad.
608 2621 710 2686 siam
720 2638 740 2673 r.
759 2661 792 2671 ..
809 2636 877 2684 vasa,
889 2612 1018 2674 Rosea.
1040 2619 1113 2681 aad,
1124 2616 1153 2683 β.
1171 2660 1204 2671 ..
1222 2619 1258 2670 vi·

138 2683 230 2750 tutam,
241 2703 261 2738 r.
284 2687 352 2750 vitia,
364 2704 387 2740 a
406 2731 438 2740 -
456 2698 492 2738 est
499 2690 616 2754 probatio,
628 2690 681 2741 sn.
699 2686 812 2754 probatio
823 2694 865 2751 est,
877 2682 950 2751 dssy.
969 2730 1002 2739 -
1019 2689 1086 2750 etin,
1098 2705 1121 2738 a.
1141 2729 1173 2737 -
1190 2686 1258 2750 aiibi,

137 2757 183 2805 ad.
206 2754 231 2805 ia
246 2754 334 2818 album,
345 2759 378 2809 R.
397 2798 430 2808 ..
448 2757 551 2821 ticenae,
567 2759 599 2810 R.
622 2757 729 2820 semaa,
744 2759 769 2809 d.
791 2755 906 2818 amia,
923 2752 994 2822 ιβγ.
1011 2797 1044 2808 ...
1063 2753 1174 2820 expedito
1189 2754 1260 2807 licere

137 2830 255 2872 amtorem
267 2822 363 2887 liquore,
375 2827 409 2877 R.
431 2828 535 2878 Retinui
552 2827 702 2890 scripturam
717 2826 850 2888 vulgatam
867 2819 987 2890 (adssr),
1004 2838 1158 2891 quamquam
1175 2832 1259 2876 cartus

137 2889 207 2970 aliud
218 2891 279 2970 quid
287 2890 400 2973 Plinium
411 2895 540 2974 scripsisse
553 2902 579 2944 et
586 2892 658 2974 illem
668 2892 777 2943 librariis
785 2904 874 2942 verum
882 2892 1010 2955 scriptoris
1022 2906 1128 2973 εειιρξιιιιΙ
1136 2905 1190 2972 non
1200 2906 1257 2956 per-

138 2958 1258 3100 staretstart}castrametata-2ausaausa

138 3105 199 3138 scere
211 3086 240 3152 (i.
253 3106 274 3140 e.
287 3090 403 3156 adiicere)
415 3101 532 3142 oucmrem
545 3093 664 3156 liquorem.
690 3095 758 3144 Plin.
770 3093 866 3143 scilicet
879 3093 951 3156 quasi
967 3093 1055 3142 iocans
1067 3094 1176 3155 gravitm
1192 3094 1258 3143 indi-

138 3165 232 3221 gnatur
241 3159 392 3222 institorem,
404 3162 448 3225 qui
459 3162 485 3210 h.
497 3161 515 3210 l.
527 3162 616 3211 acerbe
625 3168 715 3211 auctor
723 3159 820 3220 datur,
830 3167 954 3222 quatenus
962 3159 990 3207 in
998 3160 1131 3208 vendendo
1140 3158 1256 3209 balsamo

138 3226 280 3276 adulterato
296 3229 405 3291 spondet
420 3243 448 3279 se
463 3230 602 3292 genuinum
618 3229 734 3290 vendere,
750 3228 861 3291 genuino
878 3227 993 3276 balsamo
1009 3227 1116 3277 adiicere
1131 3227 1258 3290 liquorem

138 3293 155 3344 i.
169 3309 190 3344 e.
203 3295 251 3344 lac
268 3297 309 3347 De
320 3297 423 3347 nominc
435 3304 518 3346 auctor
529 3297 580 3347 hoc
591 3312 668 3348 sensu
675 3298 704 3347 in
715 3296 773 3347 ioro
783 3295 898 3346 adhibito
909 3309 933 3343 v.
945 3302 1044 3358 praeter
1051 3293 1182 3355 formulas,
1195 3308 1258 3357 qaa-

138 3361 177 3413 les
188 3363 275 3413 attulit
286 3363 405 3415 Heinecc.
417 3366 545 3430 antiquitt.
557 3365 632 3416 Rom.
644 3365 693 3416 IV.
706 3371 729 3425 6,
741 3369 791 3424 25,
802 3363 963 3428 potissimum
979 3361 1033 3413 Cic.
1045 3363 1119 3412 Verr.
1131 3362 1166 3411 II.
1180 3366 1204 3422 5,
1216 3367 1258 3412 22.

139 3468 173 3479 ..
189 3428 270 3492 XVI,
282 3432 314 3481 R.
332 3431 398 3494 XV,
414 3424 620 3498 &Tauranus
629 3434 738 3486 Salmas.
747 3447 829 3482 exerc.
838 3447 863 3496 p.
873 3436 931 3482 ale.
940 3432 965 3481 b.
974 3428 1022 3493 D.)
1046 3428 1090 3492 VI,
1098 3424 1128 3490 β.
1144 3429 1178 3480 Χ
1190 3429 1219 3490 V,
1230 3442 1259 3494 γ.

173 3499 258 3559 §lea
275 3494 353 3547 ludeo
369 3507 399 3562 et,
415 3502 447 3552 R
466 3540 499 3551 ...
515 3518 594 3565 super,
610 3518 630 3552 r.
655 3501 774 3552 Ceterum
788 3514 812 3550 r.
827 3500 945 3552 Dioscor.
963 3505 986 3557 l,
1001 3503 1040 3550 te.
1059 3539 1091 3548 -
1109 3497 1259 3557 Phoenicem,

139 3563 193 3612 Ra.
211 3603 244 3612 -
252 3563 348 3625 selam
364 3581 384 3624 e,
400 3567 432 3616 R.
451 3608 483 3617 -
500 3569 597 3618 iucundi
607 3568 694 3629 odora,
710 3569 742 3618 R.
759 3565 912 3628 incanduerat,
928 3563 1024 3629 adssr.
1042 3605 1074 3615 -
1092 3564 1167 3614 simili
1180 3561 1271 3625 modo„

141 3628 194 3678 Td.
212 3670 244 3679 ..
262 3638 335 3692 ortus,
347 3624 441 3682 ROar.
462 3642 546 3697 ortmn,
559 3631 608 3696 ᾱβ.
627 3674 659 3685 ..
677 3631 832 3696 corrodentes,
844 3634 876 3684 T.
893 3672 927 3683 ..
944 3631 972 3680 id
982 3632 1015 3694 in,
1027 3649 1049 3683 a
1068 3629 1101 3694 id,
1112 3632 1143 3682 T.
1168 3631 1257 3682 omitt

140 3697 194 3746 Rd.
214 3736 246 3746 -
263 3695 384 3746 sordentes
394 3697 444 3758 scit,
456 3701 489 3751 R.

174 3767 189 3829 ς
204 3770 260 3815 125.
278 3762 374 3825 Sidone,
387 3781 410 3815 a.
431 3764 459 3814 id
469 3783 488 3828 e,
501 3769 532 3818 R.
555 3764 621 3828 Side,
636 3761 708 3831 θαι
720 3769 810 3832 optimi
821 3767 879 3818 libri
891 3783 931 3831 ap.
945 3767 1053 3819 Salmas.
1066 3781 1148 3816 exerc.
1160 3781 1185 3830 p.
1198 3771 1257 3818 384.

140 3833 165 3883 b.
176 3828 222 3898 ll.)
238 3830 345 3896 sedete,
358 3834 381 3883 d.
399 3830 443 3881 sed
452 3841 482 3894 et,
494 3835 526 3885 Τ.
544 3834 611 3883 Mihi
621 3836 688 3885 Pliu.
701 3834 754 3884 item
767 3835 889 3886 evidetur
901 3835 1038 3899 scripsisse.
1056 3874 1088 3883 -
1111 3840 1176 3881 creto
1187 3832 1257 3889 mini-

140 3914 181 3949 ma
192 3917 229 3964 es,
241 3901 329 3953 Dalec.
358 3898 431 3963 Quae
447 3902 591 3953 coniectura
606 3903 662 3966 ipsa
676 3903 713 3954 uti
730 3910 768 3953 est
783 3917 907 3966 perversa,
924 3904 960 3952 ita
977 3915 1053 3951 nemo
1065 3903 1141 3951 verba
1156 3902 1257 3954 intuens

141 3968 273 4031 dubitabit,
286 3970 355 4033 quin,
367 3971 405 4019 uti
416 3969 467 4019 iam
478 3970 606 4034 leguntur,
618 3984 678 4020 vera
690 3986 808 4021 essenon
820 3971 927 4036 possint.
943 3967 1018 4020 Certe
1030 3969 1175 4020 adverbium
1188 3968 1269 4026 arbri-v

142 4035 608 4169 'stittttttlttttttttt
623 4037 1257 4171 gruffmaynafflmrraaffl

141 4167 227 4233 piapci
237 4178 260 4218 et
271 4168 360 4231 laem,
371 4172 461 4225 Dslec.
480 4215 512 4224 -
529 4171 619 4240 quami
628 4169 700 4235 olias,
711 4175 764 4224 Rd.
786 4143 837 4224 dum
849 4122 924 4237 mitris,
936 4188 959 4225 a.
981 4143 1070 4238 pdmmi
1078 4171 1137 4237 oin,
1148 4142 1257 4226 Salmasf

144 4276 174 4287 ..
193 4235 268 4302 melle,
281 4240 304 4291 d.
323 4237 388 4305 velt,
399 4241 431 4292 R.
448 4239 520 4306 mille,
532 4258 554 4293 a.
573 4282 605 4293 ..
624 4247 654 4304 et,
665 4240 756 4293 Delec.
