2896 4800
136 231 200 297 412
487 246 691 297 unruasms
712 244 909 296 mesonma

138 400 309 488 accipiunt.
330 397 465 466 Etruria
485 399 574 466 nulla
587 400 699 487 magis
717 400 786 467 rite
806 397 937 486 gaudet.
959 395 1005 462 Et
1024 396 1183 465 hactenus
1199 419 1263 486 po-

139 502 261 568 tissima
281 501 432 568 nobilitas
454 501 550 568 datur
570 502 788 589 peculiaribus
808 511 906 586 atque
927 498 1107 567 vernaculis
1127 499 1263 580 Italiae,

138 614 265 671 ceterae
289 604 449 671 advenere
468 600 551 671 chio
565 602 727 671 Thasoue.
749 600 913 670 Graecula
932 623 998 667 nou
1018 600 1150 668 inferior
1163 601 1262 667 Ami-
1276 621 1309 666 as

137 707 206 773 neis
232 705 392 786 bonitate,
421 715 612 792 praetenera
639 705 731 772 acino
759 714 792 770 et
816 726 882 771 uva
909 713 975 769 tam
1003 725 1105 789 parva
1132 712 1170 768 ut
1197 703 1264 770 nisi

137 806 349 897 pinguissimo
371 806 440 873 solo
462 806 567 873 colere
588 828 654 873 non
669 805 781 894 prosit
802 804 985 893 Eugenium
998 803 1264 872 Tauromenitani

138 910 236 976 colles
262 932 336 977 cum
362 909 588 997 generositatis
616 907 806 997 cognomine
834 907 951 974 misere
977 905 1106 973 Albano
1134 915 1263 972 tantum

137 1031 228 1098 agro,
250 1009 401 1098 quoniam
423 1009 578 1077 translata
599 1010 708 1076 statim
727 1019 889 1087 mutatur;
916 1029 1054 1093 namque
1076 1017 1125 1073 est
1144 1007 1264 1093 aliquis

138 1121 247 1180 tantus
272 1113 416 1180 locorum
442 1135 532 1180 amor
557 1122 595 1178 ut
621 1134 748 1179 omnem
773 1110 869 1176 iniis
890 1108 1028 1197 gloriam
1048 1107 1262 1175 suamrelin·

132 1223 240 1298 quant
259 1236 321 1282 nec
340 1236 477 1300 usquam
499 1223 664 1281 nauseam
677 1223 776 1280 totae.
799 1210 898 1294 Quod
919 1221 952 1278 et
972 1211 1007 1276 in
1020 1208 1153 1276 Raetica
1165 1207 1262 1274 Allo·
1275 1227 1309 1275 aa

137 1304 334 1402 bro‘gioaque
361 1339 458 1402 quam
487 1338 585 1404 supra
610 1315 751 1403 picatam
773 1314 1006 1401 appellavimus
1028 1311 1145 1390 evenit,
1170 1310 1264 1376 domi

137 1416 299 1484 nobilibus
320 1440 381 1484 nec
405 1417 641 1503 adgnoscendis
662 1417 748 1483 alibi.
785 1415 961 1483 Fecundae
983 1425 1090 1481 tamen
1110 1412 1264 1480 bonitatis

138 1517 210 1584 vice
237 1519 362 1605 copiam
389 1527 569 1605 praestant,
605 1519 743 1606 eugenia
771 1517 971 1584 ferventibus
995 1515 1091 1595 loeis,
1125 1514 1265 1590 Raetiae

139 1620 332 1704 temperatis,
359 1618 569 1708 Allobrogico
596 1619 734 1706 frigidis,
760 1620 838 1706 gelu
864 1630 1081 1686 maturescens
1102 1626 1138 1683 et·
1156 1616 1264 1683 colore

139 1719 243 1809 nigra
272 1719 328 1788 Ex
347 1721 398 1788 his
420 1743 500 1809 quas
522 1721 627 1788 adbuc
648 1720 800 1800 diximus,
823 1721 882 1787 sed
904 1721 1002 1787 etiam
1023 1742 1041 1786 e
1062 1719 1165 1808 nigris
1186 1717 1265 1784 vina

140 1832 302 1891 vetustate
327 1823 362 1890 in
388 1823 496 1891 album
523 1821 662 1891 colorem
691 1833 865 1889 transeunt.
900 1822 1057 1907 Reliquae
1084 1818 1263 1910 ignobiles3
1277 1834 1310 1884 at

141 1924 312 2010 aliquando
336 1935 443 1994 tamen
464 1924 546 1993 caeli
566 1935 623 1991 aut
643 1924 824 2013 soli'opera
843 1947 909 1991 non
930 1924 1046 1990 fallunt
1058 1931 1265 2002 vetustatem,

142 2027 239 2094 sicuti
266 2027 408 2095 Fecenia
436 2038 469 2094 et
495 2049 569 2093 cum
595 2049 634 2093 ea
659 2025 775 2093 florens
801 2024 1002 2114 Biturigiaca
1032 2024 1125 2092 acino
1150 2023 1266 2102 rarior,

141 2149 316 2212 numquam
341 2127 430 2195 floris
457 2127 603 2208 obnoxii,
636 2127 790 2213 quoniam
816 2127 1011 2193 antecedunt
1035 2124 1203 2209 ventisque
1231 2135 1269 2190 et

141 2229 299 2296 imbribus
319 2231 483 2310 resistunt,
506 2229 654 2297 meliores
677 2240 784 2295 tamen
805 2228 988 2315 algentibus
1003 2226 1083 2294 locis
1098 2248 1194 2311 quam
1208 2247 1266 2294 aa·

140 2330 226 2412 lidia,
249 2331 367 2398 umidis
382 2354 479 2417 quam
493 2330 690 2408 sitientibus3
712 2331 818 2398 visula
839 2377 913 2397 .....
934 2329 1040 2417 magis
1055 2351 1152 2414 quam
1165 2328 1266 2395 denso

141 2455 278 2499 uvarum
302 2443 408 2520 partu,
434 2431 598 2518 inpatiens
623 2432 778 2500 variantis
804 2432 884 2499 caeli
911 2432 967 2499 sed
988 2441 1101 2498 contra
1121 2440 1266 2496 tenorem

142 2557 243 2598 unum
264 2534 383 2620 algoris
405 2546 554 2601 aestusve
577 2544 736 2600 constans.
771 2532 867 2616 Quae
887 2533 992 2601 minor
1012 2543 1064 2599 est
1084 2554 1183 2598 ex‘eo
1204 2552 1265 2619 ge-
1278 2549 1314 2595 aa

142 2658 220 2701 nere
241 2636 369 2713 melior3
395 2636 431 2700 in
457 2636 606 2724 eligendo
629 2636 696 2701 solo
717 2658 843 2702 morosa
863 2637 978 2724 pingui
996 2634 1165 2723 putrescit,
1186 2652 1266 2722 gra-

144 2736 197 2803 cili
218 2735 347 2801 omnino
361 2758 426 2800 non
439 2736 586 2823 provenit
594 2761 604 2814 3
626 2735 766 2802 mediam
781 2738 967 2825 temperiem
981 2738 1117 2803 delicate
1130 2735 1266 2821 quaerit,

143 2835 185 2901 ob
206 2834 267 2903 hoc
289 2832 419 2902 Sabinis
441 2837 573 2904 collibus
595 2837 771 2904 familiaris.
808 2838 885 2905 Uva
910 2839 980 2905 eius
1004 2838 1157 2906 indecora
1182 2835 1267 2915 usu,

144 2959 258 3024 sapore
280 2937 436 3016 iucunda3
457 2938 522 3006 nisi
542 2950 669 3006 matura
687 2939 835 3026 protinus
856 2942 991 3029 rapitur,
1014 2940 1110 3006 etiam
1123 2961 1189 3005 non
1201 2961 1266 3026 pu·

177 3074 289 3139 Etutam,
305 3069 380 3130 θΤᾱ-
405 3082 461 3131 cod.
472 3082 573 3132 Manut.
585 3097 626 3146 ap.
638 3083 747 3133 Mercur.
758 3097 811 3133 var.
823 3083 881 3132 lect.
895 3088 919 3142 4,
931 3078 969 3142 t.)
986 3080 1100 3143 erebra,
1112 3096 1134 3131 c.
1152 3080 1268 3141 etr-abra,

144 3077 412 3209 tl·
426 3147 629 3268 ereas·
642 3144 1269 3278 ettam

144 3282 211 3331 Pint.
228 3282 316 3332 Verba
329 3279 464 3332 Ceterae..
473 3282 583 3333 llbosoce
595 3300 648 3334 om.
658 3285 776 3335 Schneid.
789 3287 821 3335 ad
834 3285 935 3335 Colum.
947 3283 996 3333 III.
1009 3291 1032 3344 2,
1046 3288 1085 3334 17.

179 3347 248 3408 §25.
266 3349 371 3410 interior,
382 3364 424 3399 ac.
443 3391 475 3399 ..
494 3350 627 3413 tonsorem,
642 3343 671 3400 θ.
690 3392 722 3401 ..
741 3359 875 3416 penetrare,
887 3367 910 3402 c.
930 3392 962 3403 ,,.
989 3349 1069 3409 colera
1080 3350 1166 3400 Tacd
1178 3345 1268 3409 (codd.

146 3413 217 3477 Gal.)
235 3415 334 3476 coclers,
343 3432 356 3466 r
365 3414 452 3478 (codd.
461 3415 589 3480 Barbari.)
606 3416 742 3479 coalescere,
751 3419 784 3469 K.
803 3418 886 3482 colore,
901 3415 932 3483 β.
946 3461 978 3470 ...
987 3416 1070 3482 prosit,
1082 3416 1166 3467 Tacd
1178 3411 1268 3476 (codd.

147 3479 218 3544 Gal.)
226 3481 311 3546 possit,
322 3483 365 3532 Kr
376 3479 464 3544 (codd.
472 3483 600 3547 Barbari.)
614 3526 646 3534 -
668 3485 868 3549 Tauromenitani,
877 3491 943 3538 acd.
965 3482 1160 3544 mameae,
1171 3477 1224 3548 ssl‘·
1235 3524 1269 3534 -

146 3549 317 3623 ob‘quis,acd.
339 3546 528 3617 aliquibuassr.
552 3593 585 3603 ..
607 3568 695 3602 omnem
711 3552 737 3603 in
751 3553 791 3619 iis,
810 3548 839 3606 θ.
861 3555 1040 3618 οηιηεωίηὶς,ἀ.
1063 3551 1270 3614 eunomianaae.

146 3635 235 3669 omnem
246 3618 271 3667 in
283 3616 327 3679 lis,
338 3612 390 3683 βγ.
409 3659 442 3669 ..
460 3626 589 3683 romscot,
600 3623 624 3672 d.

180 3690 195 3752 §
208 3694 248 3738 26.
266 3690 367 3751 supru§
382 3693 421 3738 ta.
441 3728 472 3738 ..
490 3686 566 3738 colore
578 3696 707 3752 transeunt,
723 3682 752 3739 θ.

181 3754 249 3816 §PL
268 3753 382 3818 Rapsa,
397 3747 426 3806 θ.
444 3797 476 3807 -
499 3754 565 3820 soles,
577 3774 617 3808 ar.
635 3797 668 3808 -
688 3756 852 3822 Biturigiaca,
864 3758 950 3809 Tc²d.
968 3755 1108 3818 Bituricca,
1123 3750 1205 3805 dact
1219 3755 1270 3805 ‘Bi-

149 3823 234 3880 runco,
246 3818 297 3887 βγ,
310 3823 411 3874 Colum.
424 3823 473 3873 III.
486 3831 509 3884 2,
522 3831 562 3876 28.
576 3831 616 3888 21,
629 3833 652 3876 a.
666 3833 691 3876 et
699 3825 788 3876 Isidor.
801 3827 881 3890 origg.
892 3825 981 3877 XVII.
995 3831 1019 3886 5,
1031 3832 1072 3875 22.
1085 3867 1117 3876 ..
1127 3823 1202 3887 floria
1214 3830 1270 3871 tern-

145 3890 278 3953 peccatibus
293 3890 399 3953 obnoxii,
416 3892 526 3955 quorsom
533 3892 602 3956 solia
617 3892 768 3954 antecedunt,
782 3894 872 3945 Dalec.
894 3933 927 3944 ...
954 3892 1044 3953 abab,
1055 3894 1136 3944 Hard.
1158 3890 1194 3940 osb
1209 3888 1270 3952 ulla,

149 3973 191 4008 ac.
209 3958 250 4006 via
261 3957 320 4019 ullo,
333 3954 383 4021 dss.
401 3999 433 4008 ..
451 3976 531 4022 quam,
543 3963 653 4012 Tacdr.
672 3969 727 4024 tom,
739 3956 768 4023 β.
786 3960 864 4011 visula
874 3960 996 4023 condenso,
1008 3961 1098 4011 Dalec.
1116 3961 1167 4013 sed
1178 3960 1287 4019 metus·

150 4038 210 4103 cum
230 4026 351 4077 Schneid.
374 4027 406 4076 sd
423 4025 524 4078 Colum.
541 4028 591 4078 111.
607 4036 637 4092 2,
654 4036 695 4080 21.
717 4030 836 4080 statuitur
856 4030 951 4094 aliquid
973 4030 1110 4090 excidisse,
1136 4030 1203 4078 unde
1223 4042 1272 4091 ego

151 4105 225 4152 mgna
241 4093 348 4143 brunae
365 4094 447 4158 posui,
465 4111 619 4161 quamquam
638 4098 670 4146 de
685 4098 784 4147 ratione
801 4100 855 4149 eius
872 4098 1015 4160 explendae
1032 4097 1099 4147 nihil
1116 4096 1179 4147 certi
1195 4095 1272 4147 statui

151 4166 244 4222 potest.
262 4159 365 4209 maaria
376 4160 454 4226 moqis
465 4177 544 4226 quau,
556 4165 635 4215 Hard.
652 4163 724 4213 multo
735 4165 815 4228 iaspis
824 4180 902 4228 quom,
910 4165 985 4216 Brot.
1003 4207 1034 4216 ..
1054 4164 1123 4227 cccli,
1135 4164 1217 4216 omitt
1230 4176 1273 4215 ac.

185 4223 254 4287 §aa
272 4226 304 4275 ab
321 4225 372 4292 loo,
383 4229 409 4279 (l.
427 4268 459 4280 ..
476 4230 579 4298 rapitur,
594 4223 712 4284 &Tacd
729 4233 849 4298 rapiatur,
859 4227 889 4295 β.
