2896 4800
203 224 265 314 208
558 257 763 307 urrunnun
783 257 979 308 merom

204 414 323 486 strenui
351 409 463 498 vigilia
489 409 531 475 ad
553 431 647 476 eurae
668 410 873 495 laboremque
894 419 1065 489 revocant,
1092 431 1153 476 nee
1175 412 1252 478 eolie
1272 436 1329 479 or-

205 529 274 584 tum
294 513 432 582 incautis
450 511 618 599 patiuntur
636 511 793 598 obrepere
814 512 964 601 diemque
982 511 1167 580 venientem
1178 515 1332 582 nuntiant

204 629 311 696 cantu,
337 617 445 704 ipeum
471 634 548 681 vero
577 624 707 682 eentum
734 613 851 700 plausu
878 615 1025 679 laterum.
1060 612 1243 698 Inperitant
1270 630 1375 682 eu047

203 717 317 808 generi
338 727 372 784 et
391 738 529 804 regnum
550 715 585 780 in
606 735 808 799 quacumque
831 725 906 781 eunt
926 715 1021 780 domo
1037 726 1198 781 exercent.
1219 715 1330 782 Dimi-

204 821 330 886 oatione
351 819 476 905 paritur
496 816 558 883 hoe
577 817 663 882 inter
683 819 772 903 ipsos
793 816 884 882 velut
904 816 978 882 ideo
999 817 1064 881 tale
1084 816 1228 903 adgnata
1254 840 1329 886 eru-

172 956 178 969 κ
202 921 293 989 ribue
308 921 375 986 euie
388 918 625 1006 intellegenter,
647 940 709 984 neo
722 917 796 984 finis
812 939 909 1004 saepe
924 917 1212 996 eonmorientibue3
1241 921 1329 1004 quod

204 1024 232 1090 ei
252 1024 359 1111 palma
380 1020 549 1108 oontingit,
571 1018 680 1086 atatim
699 1020 734 1085 in
755 1019 889 1086 victoria
911 1029 1030 1084 canunt
1045 1040 1144 1104 seque
1158 1020 1222 1107 ipai
1236 1023 1328 1106 prin-

203 1126 293 1212 oipee
313 1134 487 1201 testantur3
514 1121 620 1188 vietus
647 1123 827 1189 ooeultatur
856 1119 953 1186 silens
980 1143 1143 1207 aegreque
1164 1123 1329 1189 servitium

203 1229 335 1313 patitur.
371 1225 416 1290 Et
435 1223 528 1312 plebe
550 1234 658 1290 tamen
679 1245 782 1309 aeque
804 1223 944 1310 euperba
965 1223 1113 1311 graditur
1134 1223 1237 1291 ardua
1256 1247 1328 1291 eer-
1342 1239 1373 1285 ts

204 1330 287 1407 viee,
310 1326 417 1394 cristis
439 1328 536 1403 celsa,
558 1326 745 1410 caelumque
768 1325 836 1390 sola
856 1324 1021 1391 voluerum
1043 1324 1182 1411 adspioit
1203 1324 1328 1405 erebra,

202 1429 239 1496 in
260 1428 396 1495 sublime
419 1425 556 1492 caudam
578 1446 706 1510 quoque
731 1425 879 1492 falcatam
904 1424 1050 1512 erigene3
1079 1427 1188 1512 itaque
1216 1430 1329 1494 terrori

205 1540 282 1595 eunt
302 1529 398 1594 etiam
418 1525 565 1593 leonibus
587 1527 730 1592 ferarum
749 1526 1015 1615 generosissimis.
1036 1526 1109 1592 Iam
1131 1550 1173 1593 ex
1190 1527 1242 1594 hie
1257 1529 1329 1614 qui·

205 1630 279 1695 dam
306 1630 348 1695 ad
374 1628 458 1695 bella
484 1637 609 1693 tantum
636 1638 669 1694 et
693 1628 814 1715 proelia
842 1628 979 1694 adsidua
998 1639 1186 1707 naseuntur,
1210 1629 1328 1715 quibus

204 1732 301 1798 etiam
321 1730 440 1818 patriae
461 1729 682 1810 nobilitarunt,
703 1730 855 1797 Rhodum
869 1739 927 1795 aut
939 1729 1132 1818 Tanagram.
1157 1728 1329 1804 Secundus

205 1844 255 1901 eet
280 1834 382 1900 honos
407 1831 536 1899 habitus
557 1830 688 1899 Melieie
716 1843 750 1898 et
777 1830 988 1911 Chalcidioie,
1020 1841 1058 1896 ut
1089 1829 1186 1918 plene
1211 1831 1329 1922 dignae

204 1936 271 2002 aliti
304 1946 430 2001 tantum
461 1934 590 2001 honoria
621 1935 792 2022 perhibeat
823 1933 971 2000 Romana
1002 1955 1156 2022 purpura.
1199 1934 1373 2002 Horu-mu

205 2049 280 2105 eunt
307 2037 450 2124 tripudia
478 2037 652 2117 solistim,
679 2037 714 2103 hi
742 2036 952 2126 magistratus
977 2046 1106 2102 nostroe
1132 2037 1250 2104 eotidie
1275 2061 1328 2104 re-

204 2150 288 2230 gunt
316 2139 494 2224 domusque
523 2139 605 2225 ipsis
633 2160 709 2205 eoae
738 2139 893 2205 claudunt
918 2149 975 2203 aut
994 2147 1149 2218 reserant,
1176 2137 1211 2203 hi
1231 2141 1330 2207 faecis

106 2315 113 2321 p
204 2241 367 2309 Romanos
388 2241 548 2327 inpellunt
569 2252 626 2307 aut
646 2242 796 2320 retinent,
824 2241 938 2308 iubent
958 2239 1045 2306 aoiee
1066 2249 1124 2306 aut
1144 2238 1328 2325 prohibent,

206 2344 413 2410 victoriarum
435 2344 577 2409 omnium
599 2354 667 2409 toto
681 2342 759 2410 orbe
773 2353 939 2429 partarum
953 2342 1112 2427 auspioee,
1132 2341 1167 2407 hi
1179 2362 1329 2408 maxume

206 2455 364 2510 terrarum
384 2444 510 2530 inperio
531 2444 691 2531 inperant,
719 2445 801 2510 extis
829 2444 926 2510 etiam
949 2441 1103 2528 fibrisque
1128 2441 1217 2509 haud
1236 2444 1330 2510 aliter

207 2564 305 2628 quam
325 2543 452 2630 opimae
473 2543 626 2610 victoriae
647 2543 697 2610 die
711 2545 808 2633 grati.
834 2543 968 2610 Habent
988 2554 1115 2611 ostenta
1135 2554 1170 2610 et
1189 2564 1328 2630 praepo-

208 2643 286 2710 eteri
308 2666 420 2710 eorum
438 2645 677 2731 vespertinique
691 2657 823 2725 eantue3
845 2667 985 2731 namque
1007 2646 1083 2712 totis
1102 2645 1252 2712 noetibue
1273 2666 1328 2711 ea-

206 2746 312 2810 nendo
332 2744 477 2811 Boeotiis
498 2746 637 2812 nobilem
657 2747 744 2813 illam
765 2749 921 2814 adversus
938 2746 1213 2814 Lacedaemonios
1233 2768 1328 2832 pree-

209 2845 359 2935 eagivere
390 2847 573 2929 victoriam,
609 2849 656 2913 ite
687 2849 833 2916 eonieeta
863 2849 1143 2936 interpretatione,
1177 2848 1329 2934 quoniam

208 2947 294 3014 vieta
313 2948 380 3015 alee
399 2940 456 3014 illa
475 2971 542 3016 non
563 2960 700 3018 eaneret

241 3155 352 3219 veniente,
363 3159 396 3208 R.
413 3198 446 3208 ..
460 3156 539 3222 pleae,
550 3159 652 3210 Merula
662 3160 695 3208 ad
706 3159 774 3209 Eun.
786 3173 811 3224 p.
825 3163 882 3209 589.

212 3226 310 3340 ,eade
336 3223 494 3288 aenne
520 3222 741 3291 promer·
768 3266 800 3276 -
826 3223 1126 3291 anemonae·
1152 3262 1186 3274 -
1208 3221 1331 3287 praere·

207 3307 311 3421 ῳεξδιθ.
337 3359 428 3420 erebro,
440 3357 640 3422 Rdfflurbae.)
666 3356 817 3426 crebrofiy.
844 3401 877 3412 ..
901 3360 1039 3422 tablimld.
1058 3398 1090 3408 ..
1112 3354 1217 3405 lenite
1227 3353 1330 3403 domim'e

200 3424 314 3488 serarum
330 3423 425 3486 iam‚r.
452 3465 485 3476 ..
511 3419 685 3488 aequore.
712 3424 817 3494 ⁰0,ss7.
844 3470 876 3481 ..
902 3426 1097 3493 anoqrumAEd.
1124 3462 1157 3473 ..
1182 3420 1330 3484 mediolan.

208 3491 285 3543 Hune
295 3492 391 3542 librarii
403 3507 514 3544 errorem
524 3494 606 3545 verbis
620 3494 756 3546 Columell.
768 3496 844 3548 VIII.
856 3504 880 3560 2,
893 3505 917 3549 4.
934 3494 1037 3550 defendi
1047 3493 1116 3544 male
1128 3492 1184 3554 quie
1196 3491 1328 3555 putaverit

207 3600 240 3610 -
259 3565 290 3620 ⁶²,
301 3551 384 3609 Βθᾶ·
401 3575 439 3620 ⁰⁶,
449 3555 479 3623 β·
498 3600 530 3612 -
544 3560 677 3626 pertatem,
689 3556 810 3617 ROTdr
821 3562 890 3628 (eod.
901 3564 1028 3616 vernoune.
1045 3577 1087 3627 ap.
1099 3560 1217 3613 Oudend.
1229 3562 1262 3611 ad
1273 3559 1329 3624 Ap-

162 3629 167 3639 “
207 3627 262 3693 pul.
274 3635 334 3678 met.
345 3642 371 3693 p.
383 3625 455 3692 442.)
469 3630 593 3692 praebeat,
604 3624 656 3693 βγ.

242 3698 307 3761 549.
320 3695 482 3761 aequemus,
490 3699 535 3751 3².
547 3696 625 3763 meque
633 3713 723 3759 corone,
731 3699 777 3749 R'.
795 3699 873 3762 mayn
880 3715 956 3760 corvo,
965 3700 990 3751 d.
1008 3699 1144 3765 maqutroe,
1157 3690 1186 3748 θ.
1198 3739 1230 3748 ..
1243 3703 1331 3756 nostro,

208 3767 233 3815 d.
250 3804 282 3815 ..
301 3762 435 3828 domoque,
447 3765 500 3816 Rd.
518 3760 839 3830 domosque,Murbae.ssy.
851 3806 884 3816 ..
902 3780 939 3825 ae,
950 3782 970 3816 r.
988 3782 1068 3818 auree.
1080 3773 1156 3827 eram,
1169 3766 1193 3815 d.
1206 3803 1239 3813 ..
1248 3765 1332 3827 soree,

207 3832 253 3881 1³².
262 3831 421 3895 faeee,R¹d.
438 3874 471 3883 ..
495 3848 532 3893 ac,
544 3849 565 3883 r.
583 3874 615 3882 ..
635 3848 704 3891 αρτ.
728 3874 760 3882 ..
783 3831 988 3890 omniumomr.
1006 3873 1040 3884 ..
1060 3831 1216 3892 meaux.
1236 3869 1268 3879 -
1286 3829 1331 3877 im·

205 3899 354 3961 pertineant,
371 3916 390 3950 r.
418 3941 450 3950 ..
477 3916 507 3949 ex
523 3899 571 3962 lie,
588 3901 635 3950 Ru
650 3897 791 3964 (Murbac.)
816 3899 860 3950 En
875 3899 916 3960 iis,
931 3899 965 3949 K
991 3939 1024 3949 ..
1043 3898 1166 3961 fibrisque
1180 3894 1258 3957 laud,
1277 3897 1330 3948 Rd.

201 3963 287 4025 fibrae
298 3973 352 4014 eunt
363 3965 435 4029 laod,
446 3968 480 4019 Κ.
489 3965 565 4030 fibrie
576 3983 638 4031 quoe
649 3975 699 4028 aut,
710 3965 825 4018 Mnrbae.
843 4008 875 4018 ..
894 3976 973 4030 quom,
986 3974 1037 4014 om.
1049 3964 1164 4016 Murbae.
1183 3962 1250 4013 laad
1260 3964 1331 4013 aliter

208 4029 445 4092 ecepimue,Rhen.
464 4075 496 4084 ..
522 4033 708 4096 vietorioe,Rd.
734 4033 852 4100 uicum,
867 4027 918 4085 0'1'
929 4029 1070 4095 (Murbae.)
1088 4072 1120 4082 ..
1141 4040 1234 4098 pratae,
1246 4033 1279 4084 Κ.
1298 4072 1330 4082 ...

208 4095 463 4214 ffiffisslldurbae.)
481 4117 553 4164 eene,
564 4101 609 4151 1³².
632 4116 698 4149 enee
709 4108 739 4165 et,
750 4119 770 4153 r.
789 4103 848 4156 Om.
859 4103 891 4155 T.
913 4139 944 4150 ..
963 4099 1131 4167 praeproperi,
1143 4100 1174 4153 T.
1197 4141 1229 4151 ..
1252 4099 1330 4149 Laee-

278 4179 344 4226 onoe,
373 4199 380 4214 .

244 4234 313 4298 §to
338 4231 458 4284 Datame
477 4251 568 4301 conoe,
588 4235 671 4288 omitt
682 4236 751 4290 R'd.
768 4237 923 4293 Ceterumv.
934 4237 1045 4291 Arietot.
1065 4236 1126 4294 hlet
1147 4238 1225 4290 euim.
1242 4240 1272 4299 9,
1290 4241 1330 4287 50.
