2896 4800
391 276 461 322 mn.
477 274 537 322 xv,
567 274 646 321 oar.
661 274 794 322 ιιι-Ἦ.
825 271 922 321 sacr.
939 276 1004 318 ⁴..a
1205 257 1265 322 451

144 451 275 519 genera.
314 426 399 492 Sunt
419 437 453 492 et
473 425 664 513 praedulces
685 449 743 512 per
765 448 799 492 se
826 435 950 490 tantum
972 423 1110 491 siccatae
1130 424 1267 511 uvisque
1283 444 1313 489 1s
1399 460 1403 466 ·

144 531 252 620 passis
275 529 444 607 dulciores,
473 527 646 594 admodum
672 550 764 593 rarae
784 528 820 592 in
840 526 957 592 Africa
977 537 1011 592 et
1031 527 1117 592 eirca
1138 526 1266 593 Emeri-

145 644 210 698 tam
224 631 424 697 Lusitaniae.
447 626 566 696 Oleum
580 630 689 715 ipsum
703 631 770 695 sale
791 628 971 694 vindicatur
991 649 1012 692 a
1032 628 1268 716 pinguitudinis

143 734 240 813 viti03
271 733 389 799 cortice
418 733 509 798 oleae
536 731 665 797 conciso
691 731 823 797 odorem
849 729 980 816 accipit3
1008 729 1178 795 medicatio
1205 731 1269 795 alia

144 834 295 914 arvino,
318 833 417 921 palati
439 832 545 921 gratia
565 833 656 898 nulla
676 843 740 912 est,
763 856 825 899 nec
846 842 913 898 tam
930 854 1101 898 numerosa
1115 832 1267 898 differen-

98 1021 104 1030 ,
144 938 207 1014 tia;
236 937 340 1003 tribus
366 948 404 1001 ut
429 935 839 1021 plurumumbonitatibus
867 934 975 1001 distat.
1010 931 1103 1001 Odor
1123 934 1157 998 in
1179 934 1268 1000 tenui

143 1039 287 1128 argutior
308 1049 341 1104 et
361 1037 395 1102 is
413 1047 520 1103 tamen
542 1038 639 1103 etiam
658 1037 693 1102 in
714 1047 846 1124 optumo
866 1036 984 1103 brevis.

184 1139 246 1206 IV.
279 1141 308 1205 5.
342 1137 426 1205 Oleo
452 1149 567 1205 natura
595 1139 775 1226 tepefacere
803 1161 921 1225 corpus
949 1149 982 1206 et
1009 1150 1119 1205 contra
1139 1141 1266 1228 algores
1282 1156 1312 1200 la

142 1242 282 1319 munire3
311 1241 417 1308 eidem
442 1242 584 1308 fervores
611 1241 727 1328 capitis
754 1241 954 1329 refrigerare.
993 1238 1100 1306 Usum
1126 1240 1196 1306 eius
1224 1242 1267 1307 ad

141 1344 301 1410 luxuriam
322 1353 447 1409 vertere
470 1340 589 1409 Graeci
609 1342 763 1408 vitiorum
784 1343 926 1409 omnium
952 1342 1115 1431 genitores
1140 1343 1174 1406 in
1203 1365 1267 1429 gy-

141 1445 275 1510 mnasiis
295 1445 500 1532 publicando.
522 1441 642 1510 Notum
664 1455 714 1510 est
727 1444 936 1532 magistratus
949 1444 1078 1510 honoria
1092 1443 1161 1510 eius
1176 1455 1265 1511 octo·

141 1547 235 1634 genis
266 1547 422 1613 sestertiis
453 1547 644 1634 strigmenta
671 1545 733 1611 olei
759 1545 953 1612 vendidisse.
990 1543 1093 1612 Oleae
1113 1545 1266 1613 honorem

141 1648 288 1714 Romana
307 1648 459 1713 maiestas
485 1668 640 1736 magnum
667 1646 832 1734 perhibuit
853 1658 974 1713 turmas
994 1648 1137 1733 equitum
1157 1648 1265 1715 idibus

140 1751 232 1817 Iuliis
260 1774 301 1818 ex
328 1773 367 1816 ea
394 1750 592 1828 coronando,
624 1750 702 1814 item
728 1748 905 1815 minoribus
930 1740 1101 1836 triumphis
1128 1750 1263 1816 ovantis.

139 1853 289 1919 Athenae
321 1872 450 1936 quoque
481 1851 621 1916 victores
661 1851 732 1915 olea
764 1861 932 1930 coronant,
969 1849 1089 1917 Graeci
1127 1852 1265 1919 oleastro

141 1952 324 2040 Olympiae.

183 2055 224 2122 V.
259 2055 289 2118 6.
320 2051 418 2118 Nunc
439 2052 588 2118 dicentur
609 2050 743 2118 Catonis
763 2051 882 2139 placita
904 2053 944 2118 de
966 2051 1070 2119 olivis.
1098 2051 1139 2118 In
1160 2054 1263 2119 calido
1277 2071 1309 2115 ao

140 2169 173 2225 et
193 2155 308 2244 pingui
330 2155 396 2220 solo
423 2154 552 2220 radium
575 2154 740 2232 maiorem,
770 2153 980 2235 Salentinam,
1008 2154 1172 2233 orohitem‚
1202 2178 1263 2241 po-

141 2260 231 2337 siam‚
261 2255 463 2343 Sergianam,
493 2253 681 2335 Cominiam,
710 2255 882 2322 albiceram
907 2256 971 2322 aeri
992 2255 1083 2322 iubet
1103 2257 1263 2342 adicitque

140 2358 495 2447 singulariprudentia,
524 2378 622 2442 quam
649 2377 761 2422 earum
787 2357 821 2423 in
844 2345 979 2444 singulis
999 2358 1077 2424 loois
1099 2369 1262 2446 optumam

140 2484 212 2530 esse
242 2461 349 2527 dicant
356 2482 365 2536 3
394 2459 429 2524 in
457 2459 578 2546 frigido
605 2468 712 2524 autem
740 2470 773 2524 et
800 2481 907 2526 macro
933 2458 1109 2539 Liciniam3
1146 2461 1261 2548 pingui

139 2565 223 2630 enim
244 2573 302 2629 aut
322 2561 461 2628 ferventi
481 2561 588 2626 vitiari
616 2561 721 2626 oleum
743 2562 953 2647 arboremque
973 2562 1079 2648 ipsam
1099 2562 1261 2628 fertilitate

138 2665 295 2742 consumi,
324 2685 434 2729 musco
460 2674 629 2750 praeterea
655 2663 753 2729 rubro
774 2663 928 2730 infestari.
965 2660 1121 2750 Spectare
1143 2663 1303 2729 olivetaar

137 2767 171 2830 in
192 2766 356 2831 favonium
375 2766 446 2832 loco
469 2766 613 2852 exposito
636 2766 757 2832 solibus
780 2777 892 2834 censet
911 2789 972 2833 nec
993 2766 1056 2832 alio
1077 2766 1142 2831 ullo
1164 2766 1260 2832 modo

137 2867 261 2944 laudat3
290 2865 350 2932 VI.
372 2866 468 2932 condi
487 2868 587 2933 olivas
602 2876 744 2953 optume,
755 2869 894 2934 orchites
910 2879 942 2933 et
956 2868 1066 2954 posias
1081 2870 1134 2934 vel
1147 2868 1260 2935 viridis

141 3050 258 3107 OTadr.
280 3055 398 3117 radicati,
410 3055 484 3107 codd.
496 3055 610 3118 Barbari,
621 3047 673 3120 βγ.
692 3096 724 3106 ..
742 3053 803 3119 alla,
818 3057 892 3106 Tad.
914 3055 986 3117 aliar,
998 3058 1071 3107 codd.
1082 3058 1196 3119 Barbari,
1207 3052 1258 3123 βγ.

137 3125 222 3205 Multa
237 3125 265 3173 in
281 3125 322 3174 his
336 3139 376 3174 vv.
388 3125 569 3174 mutatDalee.
589 3164 618 3172 -
640 3121 759 3185 bonitatz's,
775 3140 798 3173 a.
817 3163 849 3174 -
868 3121 944 3172 duat
958 3121 1024 3186 odor,
1039 3140 1060 3174 r.
1073 3165 1105 3173 -
1124 3124 1217 3189 optimo,
1234 3129 1258 3185 d.

138 3199 341 3338 winihacidem,
358 3279 402 3327 ad.
425 3273 550 3340 adeoque,
566 3265 617 3339 βγ.
642 3273 762 3327 Ceterum
773 3289 797 3325 r.
808 3276 927 3326 Dioscor.
942 3282 965 3337 l,
978 3282 1019 3328 30.
1038 3315 1070 3325 ..
1093 3273 1188 3324 bonorr'r
1199 3275 1258 3338 eius,

137 3347 182 3396 ad.
205 3343 355 3406 honorarius,
372 3344 467 3397 Sabell.
487 3385 519 3393 -
537 3343 634 3406 octonis,
645 3345 677 3395 Τ.
696 3384 728 3395 ...
742 3340 871 3408 perhibuit,
884 3336 913 3395 θ.
936 3341 1047 3407 alana,
1063 3345 1115 3394 Td.
1136 3344 1258 3408 praebuit,

137 3408 207 3478 αβγ.
226 3455 258 3464 ..
280 3411 375 3475 Graeci,
388 3414 463 3464 Tad.
484 3410 575 3464 Graeci
584 3427 646 3474 vero,
657 3406 710 3478 βγ.

50 3530 60 3543 -
171 3501 239 3560 ΜΟ.
260 3494 509 3549 Οοῑωιὼὰοτοτιιιι.
523 3504 546 3547 6.
565 3538 597 3548 ..
616 3497 719 3562 parium,
736 3513 760 3548 a.
778 3496 882 3562 padam,
900 3498 924 3547 d.
942 3495 1064 3561 pamm,
1078 3491 1130 3562 βγ.
1149 3538 1181 3548 ..
1200 3495 1257 3549 ser-

135 3563 242 3629 gianum,
260 3564 334 3615 Cato.
356 3564 530 3627 seqreqianum,
545 3580 569 3613 a.
590 3565 776 3628 euprepium,
793 3568 818 3616 d.
837 3606 869 3615 ..
889 3561 1027 3626 ammam,
1043 3567 1079 3616 ita
1094 3581 1142 3616 nos
1158 3566 1257 3630 scripsi-

137 3631 264 3681 muscoll.
277 3632 342 3694 513.
363 3627 523 3691 Commiaium,
533 3634 568 3680 al.
590 3627 784 3693 Commiaiunum,
793 3634 850 3683 ald.
869 3672 901 3682 ..
919 3632 952 3693 ia,
961 3634 1063 3684 Txad.
1083 3633 1171 3684 Omitt.
1184 3635 1257 3684 codd.

138 3699 194 3750 Gel.
215 3737 244 3747 ..
263 3695 370 3762 &apulia
382 3699 447 3747 Tot
458 3696 529 3760 fluia,
542 3699 578 3748 dl.
589 3696 662 3760 fluas,
675 3715 698 3750 a.
716 3698 753 3762 ia,
763 3700 867 3749 Barbar.
876 3700 910 3750 Κ.
921 3698 1043 3762 finitimis,
1053 3702 1126 3751 codd.
1137 3699 1192 3752 Gel.
1205 3695 1227 3762 β
1231 3716 1256 3765 γ.

137 3808 169 3818 ..
187 3763 275 3826 ddunt,
289 3780 313 3814 a.
331 3803 362 3814 ..
385 3765 454 3828 caim,
472 3767 496 3816 d.
520 3773 605 3827 uatem,
621 3781 645 3816 a
663 3807 695 3817 ..
713 3765 804 3828 vitiari,
821 3769 846 3817 d.
868 3765 996 3827 videberis,
1013 3783 1036 3818 a.
1055 3808 1087 3818 ..
1111 3765 1192 3830 oleam,
1209 3768 1256 3820 Sa.

136 3829 667 3896 auolm,d(secaaa1aramanusin
678 3832 741 3897 raa.)
753 3830 804 3899 βγ.
824 3874 854 3884 ..
873 3849 959 3897 murco,
971 3835 1044 3886 Cato.
1063 3850 1148 3895 murco,
1161 3853 1184 3887 a.
1202 3852 1257 3886 con·
1347 3877 1350 3880 .

136 3901 261 3952 sumimus:
272 3917 307 3964 ω,
319 3903 342 3954 d.
362 3941 394 3951 ..
411 3901 492 3963 rubro,
504 3901 578 3953 Cato.
596 3902 691 3963 etrele,
707 3894 736 3952 θ.
754 3902 876 3965 atrahere,
888 3904 933 3953 ad.

170 3989 238 4052 521.
260 3984 309 4037 alio
323 3983 384 4046 ullo,
400 3988 446 4037 ad.
473 3984 521 4035 ullo
536 3981 644 4048 alim-fi.
668 4027 699 4036 -
722 3984 799 4048 condi,
811 3988 855 4041 ad.
884 3985 937 4039 Nec
958 3985 1007 4037 alio
1023 3987 1154 4039 ullomodo
1171 3988 1256 4048 laudat

136 4053 214 4116 condi,
228 4050 258 4116 β.
284 4054 323 4106 At
338 4069 363 4106 v.
381 4054 465 4106 Ursin.
482 4057 515 4105 ad
525 4054 600 4104 Varr.
617 4055 648 4104 de
664 4068 691 4105 re
707 4061 769 4105 rust
783 4061 872 4117 1‚60.,
894 4070 953 4107 cum
968 4057 1112 4108 Pontedera
1126 4060 1253 4124 antiquitt.

137 4121 181 4172 Gr.
198 4128 224 4170 et
238 4121 296 4172 Lat
312 4137 338 4186 p.
355 4129 396 4174 85.
417 4123 485 4174 hano
499 4122 729 4187 interpunctionem
745 4121 873 4187 praeierat
889 4124 978 4175 deletis
997 4125 1082 4189 priore
1097 4127 1157 4178 loco
1172 4129 1256 4179 verbis

135 4204 178 4238 nac
194 4186 379 4251 elio-laudet,
394 4190 432 4242 uti
452 4192 526 4242 locus
545 4192 572 4240 in
589 4191 646 4240 edd.
662 4198 723 4242 vett.
736 4191 837 4255 legitur.
855 4231 887 4242 ..
907 4190 1000 4256 posim,
1012 4194 1058 4245 ad.
1076 4195 1185 4260 paucior,
1203 4191 1253 4261 βγ.

136 4298 167 4308 ..
185 4253 229 4319 vol,
241 4257 332 4311 Tadr.
349 4272 420 4321 quem
431 4257 475 4322 acl,
486 4253 516 4320 β.
535 4299 566 4308 ..
582 4255 680 4322 viride
691 4260 736 4310 ad.
753 4255 931 4324 arideorum
942 4275 962 4312 r.
1035 4326 1051 4362 ὕ
