2896 4800
186 264 248 328 160
538 266 741 329 utrumme
763 279 959 329 merosus

184 443 276 500 vorat
295 431 460 518 pabulum,
484 483 525 496 ..
551 454 613 498 nee
637 429 816 500 litoralibus
841 432 962 521 gratia3
994 431 1208 500 laudatissimi
1228 456 1306 503 con-

185 536 327 622 chylium
349 533 487 620 sapiunt
521 531 648 600 Nomen
673 533 724 599 his
746 532 927 600 Fenestella
947 557 968 599 a
989 534 1095 601 colore
1116 536 1308 604 mulleorum

184 637 463 706 calciamentorum
490 634 601 702 datum
626 644 729 721 putat
764 633 901 700 Pariunt
926 644 976 704 ter
1003 635 1112 714 annis3
1146 649 1234 705 certe
1256 649 1306 705 to-

184 741 267 805 tiens
296 737 402 802 fetura
430 735 576 822 adparet.
611 734 750 801 Mullum
777 735 994 823 exspirantem
1020 737 1205 804 versicolori
1224 761 1305 824 qua-
1320 759 1352 804 ss

183 840 259 906 dam
288 847 321 904 et
341 858 512 902 numerosa
531 836 690 902 varietate
712 837 852 922 spectari
873 859 1024 923 proceres
1045 837 1141 926 gulae
1162 851 1304 921 narrant,

182 938 366 1010 rubentium
407 959 612 1022 squamarum
651 936 823 1023 multiplici
857 939 1031 1004 mutatione
1065 939 1304 1026 pallescentem,

181 1044 293 1128 utique
323 1040 351 1105 si
371 1039 455 1105 vitro
476 1048 639 1126 spectetur
658 1039 812 1105 inclusus.
844 1037 893 1104 M.
916 1035 1055 1126 Apicius
1075 1041 1118 1106 ad
1138 1063 1232 1108 omne
1252 1043 1304 1109 lu-

181 1167 244 1212 xus
265 1140 434 1230 ingenium
453 1140 554 1207 mirus
575 1140 610 1205 in
631 1141 792 1207 sociorum
804 1161 885 1229 garo
898 1193 941 1206 ..
954 1163 1031 1206 nam
1044 1165 1083 1208 ea
1103 1164 1231 1228 quoque
1251 1166 1304 1212 res

182 1265 362 1335 cognomen
383 1241 507 1308 invenit
527 1297 567 1306 -
589 1245 698 1307 necari
720 1264 775 1307 eos
796 1241 995 1326 praecellens
1015 1243 1142 1330 putavit
1166 1255 1264 1330 atque
1286 1268 1304 1313 e

181 1352 287 1416 iecore
309 1365 420 1410 eorum
440 1342 562 1407 elecem
583 1341 765 1429 excogitare
786 1343 991 1427 provocavit3
1017 1343 1053 1408 id
1075 1343 1159 1410 enim
1181 1356 1231 1412 est
1251 1347 1303 1412 fa-

182 1450 275 1517 cilius
297 1443 416 1510 dixisse
437 1463 535 1528 quam
555 1442 628 1527 quis
649 1442 772 1508 vicerit.

224 1550 276 1614 31.
312 1544 446 1610 Asinius
462 1541 557 1609 Celer
578 1566 597 1608 e
619 1543 845 1611 consularibus
865 1544 927 1612 hoc
941 1546 1029 1634 pisce
1043 1546 1201 1635 prodigus
1217 1545 1303 1616 Gaio
1316 1561 1349 1609 er

181 1648 328 1740 principe
349 1668 449 1710 unum
470 1654 631 1710 mercatus
652 1643 775 1711 Romae
789 1669 850 1712 vm
870 1647 1000 1714 milibus
1021 1671 1197 1728 nummum,
1218 1671 1302 1734 quae

181 1748 341 1840 reputatio
372 1747 480 1812 aufert
512 1756 730 1812 transversum
761 1747 902 1814 animum
934 1750 976 1813 ad
1005 1749 1302 1835 contemplationem

181 1873 294 1921 eorum
319 1847 376 1933 qui
402 1846 437 1913 in
464 1847 691 1932 conquestione
714 1848 812 1914 luxus
838 1871 957 1935 coquos
979 1850 1042 1917 emi
1063 1850 1206 1937 singulos
1226 1852 1301 1937 plu·

180 1956 227 2023 ris
265 1973 362 2037 quam
393 1971 493 2035 equos
526 1948 730 2035 quiritabant
772 1950 821 2015 At
851 1973 938 2017 nune
968 1951 1039 2027 coci
1071 1951 1304 2039 triumphorum

168 2055 295 2144 'pretiis
326 2060 481 2140 parantru
513 2061 546 2117 et
577 2073 750 2135 eoquorum
781 2052 888 2138 pisces
914 2052 1086 2137 nullusque
1114 2075 1214 2139 prope
1238 2051 1303 2118 iam

180 2156 323 2225 mortalis
354 2162 554 2221 aestumetur
591 2152 695 2238 pluris
725 2175 833 2238 quam·
859 2154 916 2239 qui
947 2153 1140 2240 peritissime
1172 2175 1304 2220 censum

180 2258 301 2329 domini
321 2254 449 2344 mergit.
477 2252 611 2320 XVIII.
631 2253 772 2320 Mullum
785 2277 878 2320 uxxx
897 2255 1051 2321 librarum
1064 2255 1099 2321 in
1112 2255 1193 2321 mari
1205 2255 1303 2326 rubro

180 2370 312 2446 captum
331 2355 480 2422 Licinius
501 2353 669 2421 Mutianus
690 2356 849 2441 prodidit,
882 2357 995 2442 quanti
1022 2366 1214 2432 mercatura¹
1229 2377 1303 2422 eum

179 2460 308 2525 luxuria
329 2455 522 2523 suburbanis
542 2454 689 2522 litoribus
709 2456 894 2523 inventuml

222 2560 275 2624 32.
303 2556 367 2623 Est
392 2567 427 2623 et
453 2557 534 2622 haee
562 2566 678 2624 natura
702 2568 741 2622 ut
768 2559 822 2624 alii
848 2559 927 2625 alibi
952 2559 1060 2645 pisces
1086 2557 1303 2645 principatum
1315 2572 1348 2616 68

181 2659 358 2748 optineant,
388 2657 557 2723 coracinus
584 2657 619 2722 in
639 2656 807 2746 Aegypto,
837 2682 915 2726 zeus
935 2660 1023 2727 idem
1043 2660 1137 2727 faber
1157 2658 1301 2746 appella-

180 2772 233 2827 tus
256 2758 418 2839 Gadibus,
439 2758 526 2824 circa
545 2758 695 2825 Ebusum
717 2761 816 2849 eulpa,
838 2762 996 2828 obscenus
1018 2762 1093 2828 alibi
1107 2771 1140 2828 et
1153 2761 1209 2846 qui
1221 2782 1300 2825 nus·
1390 2792 1395 2801 =

181 2885 278 2949 quam
304 2860 459 2948 percoqui
484 2860 587 2947 possit
611 2860 675 2927 nisi
699 2861 803 2929 ferula
828 2862 1032 2950 verberatum
1064 2863 1100 2930 in
1124 2861 1302 2949 Aquitania
1352 2860 1360 2872 “

180 2963 281 3030 salmo
301 2962 466 3029 fluviatilis
487 2961 619 3029 marinis
640 2963 789 3030 omnibus
810 2964 1000 3053 praefertur.

214 3169 323 3236 aarum,
334 3173 417 3225 ara.
435 3171 537 3225 traua
548 3173 593 3239 aa,
609 3168 638 3227 e.
649 3215 682 3226 -
697 3146 841 3236 maumam,
852 3173 885 3226 a
902 3172 1044 3236 mausum,
1061 3166 1112 3223 aa
1130 3171 1270 3233 aalma,
1280 3187 1300 3222 r.

180 3238 315 3304 mulacrum,
326 3242 431 3292 Barbar.
444 3250 469 3293 et
480 3244 578 3294 Domit
597 3284 628 3294 ..
646 3242 725 3306 annu,
736 3243 791 3294 Ru.
809 3259 886 3304 aaao,·
897 3240 943 3305 ta,
953 3238 1004 3306 βγ.

214 3343 283 3404 ςθθ.
300 3339 454 3404 versicolora,
467 3346 491 3394 d.
510 3385 542 3394 -
559 3344 660 3408 utrique,
670 3345 703 3396 R.
721 3385 754 3395 ..
771 3342 841 3406 ulmo,
852 3344 906 3394 Rd.
925 3383 958 3394 ...
981 3340 1029 3404 M,
1040 3343 1126 3393 emd
1144 3379 1177 3390 ..
1195 3351 1298 3388 omne-

180 3406 481 3488 minu,eodd.1}arbari.
509 3410 544 3459 od
558 3413 749 3473 omne-maius,
764 3411 797 3462 It
824 3427 890 3462 omna
906 3408 977 3460 lum
993 3409 1138 3474 uquarum
1150 3406 1299 3487 maius,Td.

180 3490 269 3524 omnem
282 3474 362 3524 lusum
373 3492 466 3546 repense
478 3493 559 3540 manu,
572 3481 616 3529 alii
626 3482 699 3532 codd.
707 3480 815 3530 Barbari
824 3487 849 3530 et
856 3478 980 3532 Massurii.
999 3477 1134 3528 consentit
1141 3491 1162 3536 r,
1170 3474 1219 3524 mai
1229 3473 1301 3538 (1¹¹od

180 3558 281 3608 mupam
291 3543 377 3593 habet.
389 3545 509 3608 maputer,
520 3547 623 3611 Dalec.;
634 3549 768 3599 Harduino
779 3549 880 3610 rectius,
891 3553 963 3612 puto,
973 3560 1020 3610 pro
1032 3543 1110 3594 maius
1120 3545 1220 3622 videtur
1229 3548 1301 3591 autur

123 3639 126 3646 .
180 3613 348 3673 scribendum,
365 3626 521 3677 quamquam
537 3615 614 3666 aliam
630 3631 732 3682 quoqne
747 3617 918 3666 coniecturam
933 3614 1059 3679 proponit.
1077 3653 1110 3663 ..
1128 3611 1226 3674 siccari,
1243 3611 1300 3663 Sal-

179 3680 247 3730 vian.
259 3683 291 3730 dc
302 3681 408 3744 aquatil.
420 3680 466 3731 fol.
479 3689 538 3733 238.
551 3699 574 3733 a.
593 3723 623 3732 ..
638 3682 819 3748 praecellenter,
830 3683 942 3735 Salvian.
954 3684 1007 3734 Td.
1025 3722 1058 3733 ..
1075 3681 1190 3746 quumvis,
1203 3682 1241 3730 d'.

214 3783 230 3845 §
243 3785 283 3832 st.
304 3777 412 3842 Claudio,
428 3799 441 3833 r
456 3780 543 3846 (codd.
559 3786 625 3836 Bud.
638 3787 669 3836 de
680 3800 729 3836 ass.
740 3800 766 3848 p.
778 3780 851 3847 283.)
873 3784 923 3832 oris
934 3800 954 3846 e,
965 3783 997 3833 Β.
1019 3798 1093 3850 omen.
1108 3778 1143 3843 0.,
1155 3783 1180 3832 d.
1198 3821 1231 3831 ..
1248 3779 1301 3830 Ro-

180 3863 240 3906 mae,
257 3865 278 3898 r·
300 3847 344 3913 R,
358 3843 458 3902 Rure
473 3850 539 3916 (fere
556 3868 646 3904 omnes
661 3855 734 3903 codd.
751 3867 792 3915 ap.
809 3851 918 3902 Salmas.
934 3852 967 3902 ad
983 3851 1090 3901 Tertull.
1106 3849 1169 3913 pall.
1185 3863 1211 3912 p.
1228 3845 1299 3908 452.)

182 3910 304 3976 Omitted
327 3949 378 3966 ..a
397 3917 576 3969 VIIImillsbua
587 3936 712 3981 nummum,
723 3936 743 3970 r.
762 3916 932 3981 Vfflmulum,
944 3919 976 3968 R
995 3914 1064 3968 VIII
1071 3913 1175 3974 mullum,
1188 3915 1212 3963 d.
1231 3912 1304 3963 VIII

179 3979 285 4041 multum,
300 3930 326 4029 ἔ
333 3982 418 4045 (codd.
430 3985 551 4049 Salmas.)
568 3988 726 4037 sestertiorum
737 3992 789 4036 octo
799 3984 910 4046 mutuus,
926 3985 999 4033 codd.
1010 3984 1077 4033 Bud.
1094 4020 1127 4030 ..
1144 3979 1300 4044 reputatione,

179 4049 234 4098 Rd.
256 4049 323 4098 Plin.
340 4052 469 4114 scripsisse
480 4054 579 4104 videtur
589 4056 710 4118 reputatio
721 4070 790 4114 aune,
801 4055 838 4102 ita
849 4059 878 4102 ut
889 4067 917 4100 ue
929 4065 963 4102 ex
973 4053 1007 4098 rii
1014 4050 1047 4100 eit
1057 4056 1150 4098 ortum.
1169 4090 1201 4098 ..
1224 4047 1300 4109 luxus,

179 4112 232 4164 Ite.
255 4114 356 4179 iambus,
372 4135 393 4166 r.
420 4157 452 4167 ..
476 4118 571 4182 pluras,
587 4124 640 4173 Rd.
663 4164 695 4174 ,.
721 4120 901 4185 quaeritabant,
916 4118 949 4169 R.
976 4115 1141 4181 auctitabant,
1157 4132 1177 4166 r.
1200 4158 1232 4167 ..
1258 4115 1303 4165 Ad

179 4181 254 4242 lunc,
271 4184 295 4232 d.
322 4223 354 4233 -
381 4183 452 4233 ttt'um
470 4201 580 4249 equorum
595 4192 637 4240 vel
658 4190 728 4240 aium
743 4189 833 4251 lorum,
848 4187 950 4238 Minas.
965 4200 1018 4237 var.
1034 4186 1092 4236 lect
1109 4191 1138 4246 2,
1160 4189 1182 4237 7.
1199 4201 1224 4250 p.
1243 4190 1299 4236 170.

180 4249 212 4300 In
237 4251 287 4301 hoc
309 4251 403 4316 pariter
422 4252 510 4305 incidit
529 4256 624 4308 Maura.
645 4261 677 4310 de
697 4259 763 4311 luxu
781 4258 857 4309 Rem.
881 4269 906 4319 p.
927 4261 982 4318 684
1009 4254 1074 4305 mihi
1098 4253 1169 4318 prior
1188 4253 1301 4305 Reinesii
