2896 4800
287 1303 290 1307 ν
399 1232 452 1336 C.
487 1228 662 1337 PLINI
698 1225 985 1335 SECUNDI
1085 1304 1089 1311 ·

202 1423 689 1632 urrunnun
725 1506 1190 1630 Hieromus

570 1758 721 1834 LIBER
746 1757 828 1832 XII.

596 1987 803 2000 ...ἠ-ὴ...

133 2227 142 2236 ⁸
181 2254 287 2321 Sucr.
312 2256 341 2319 1.
375 2217 585 2322 Animalium
617 2246 759 2316 omnium
793 2271 876 2335 quae
907 2249 998 2318 nosci
1030 2261 1165 2338 potuere
1201 2274 1259 2318 ns·
1273 2270 1309 2333 §1

139 2364 230 2421 turae
253 2353 432 2444 generatim
453 2351 720 2437 membratimque
734 2351 781 2416 its
795 2374 828 2418 se
842 2350 973 2417 habent.
993 2351 1134 2419 Restant
1153 2375 1260 2438 neque

140 2455 213 2542 ipsa
233 2454 340 2521 anima
362 2453 514 2534 carentia,
537 2452 795 2539 quandoquidem
816 2452 896 2518 nihil
917 2452 985 2518 sine
1008 2476 1046 2518 ea
1060 2454 1151 2533 vivit,
1176 2464 1262 2521 terra

140 2555 237 2635 edita,
263 2567 301 2621 ut
326 2557 402 2622 inde
431 2565 522 2622 eruta
544 2554 691 2620 dicantur
716 2577 755 2620 ac
776 2554 899 2619 nullum
921 2554 1051 2620 sileatur
1072 2577 1180 2620 rerum
1201 2579 1261 2627 naq

139 2666 230 2723 turae
258 2679 351 2745 opus.
382 2656 452 2723 Diu
480 2647 570 2723 fuere
600 2655 726 2723 occulta
753 2656 822 2720 eius
848 2655 1014 2734 beneficia,
1038 2679 1261 2742 summumque

138 2780 256 2823 munus
276 2757 398 2824 homini
419 2757 531 2823 datum
546 2757 678 2824 arbores
697 2757 858 2842 silvaeque
872 2757 1150 2847 intellegebantur.
1172 2757 1262 2824 Hinc

137 2859 277 2944 primum
298 2859 459 2938 alimenta,
480 2859 594 2924 harum
615 2859 729 2924 fronde
749 2858 876 2923 mollior
897 2880 1023 2945 specus,
1045 2859 1128 2925 libro
1143 2860 1243 2925 vestis
1249 2885 1260 2938 ;

139 2956 323 3023 etiamnunc
343 2968 456 3047 gentes
478 2959 524 3025 sic
546 2959 679 3047 degunt.
703 2956 777 3037 Quo
798 2958 903 3043 magis
925 2980 963 3023 ac
983 2958 1088 3043 magis
1109 2957 1290 3023 admiraris

140 3057 228 3124 subit
253 3057 305 3123 his
337 3081 358 3123 a
384 3058 554 3145 principiis
581 3058 673 3124 caedi
701 3059 818 3122 montis
845 3058 880 3121 in
901 3079 1069 3136 marmora,
1098 3059 1198 3123 vestis
1219 3057 1263 3122 ad

140 3155 238 3226 Seras
264 3159 343 3247 peti,
373 3160 525 3226 unionem
551 3159 586 3223 in
613 3156 704 3225 rubri
731 3158 829 3223 maris
850 3157 1023 3245 profunda,
1052 3157 1263 3248 zmaragdum

139 3260 174 3325 in
201 3260 267 3326 ima
294 3261 407 3328 tellure
428 3260 550 3346 quaeri.
582 3258 720 3326 Adhuc
742 3260 924 3348 excogitata
946 3271 1022 3326 sunt
1042 3258 1170 3325 aurium
1191 3260 1260 3325 vol-

140 3382 227 3440 nera,
248 3362 400 3429 nimirum
420 3361 570 3448 quoniam
590 3384 706 3449 parum
727 3369 797 3429 erat
817 3361 974 3442 manibus,
1004 3361 1096 3463 collo,
1119 3361 1262 3429 crinibus

173 3565 219 3616 Ad
230 3567 299 3616 huuc
310 3568 404 3618 librum
416 3571 464 3619 toti
476 3578 535 3621 sunt
547 3572 647 3621 excussi
659 3572 728 3621 adR
739 3567 779 3632 (in
791 3585 841 3633 quc
854 3572 885 3634 ξς
899 3575 1024 3621 trs-10³.
1036 3565 1238 3630 interciderunt)

174 3631 227 3694 §L
249 3633 322 3696 nurci,
333 3635 366 3684 R.
384 3676 416 3684 ..
436 3643 570 3699 potueruut,
586 3636 618 3686 Τ.
641 3677 673 3686 ..
696 3638 836 3697 caturci}
854 3676 887 3686 ..
908 3652 967 3696 aeae,
979 3638 1010 3687 Τ.
1033 3677 1065 3686 ..
1089 3635 1209 3695 bcbetll.
1228 3673 1260 3684 ..-

141 3699 227 3750 Restat
238 3707 265 3749 ut
275 3716 348 3764 neque
359 3700 421 3765 abac,
433 3718 454 3751 r.
471 3714 503 3752 .’.
528 3711 595 3752 terra
606 3701 692 3752 editum
704 3710 754 3765 aut,
765 3703 798 3754 Κ.
817 3744 850 3752 ..
873 3711 963 3752 carent.
974 3702 1024 3764 Ita,
1036 3704 1068 3754 R.
1087 3742 1119 3752 -
1141 3700 1260 3763 amiculi.

141 3765 244 3829 eruditu,
256 3770 330 3819 Tud.
350 3809 381 3820 ..
399 3763 656 3832 alimeutc,ROTad.
674 3768 818 3831 alimentum,
829 3763 858 3830 β.
871 3812 903 3820 -
922 3768 1013 3832 melior,
1024 3769 1058 3820 K.
1076 3765 1108 3820 ζ.
1122 3784 1204 3833 pecus,
1215 3770 1260 3821 R'.

139 3833 245 3898 pecuda,
256 3834 301 3887 1³².
320 3877 351 3886 ..
370 3835 510 3899 adamnano,
521 3835 546 3888 R
557 3836 603 3901 (ex
615 3834 694 3901 corr.)
705 3839 742 3887 s².
761 3836 895 3900 etiamnum,
907 3831 1013 3902 a¹dssr.
1151 3896 1157 3903 ⁹

146 3904 376 4023 clitumni}-
390 3903 673 4024 ἶωάἷέὶηεῖηὲᾰῗίωή
681 3902 1056 4034 ἱῖἶὲ’ἒὲα(ἓοῖῗὲῗις”ἷῗ“)
1081 3901 1261 4022 “dllm'iilit

142 4005 240 4114 criull.
259 4079 291 4089 ..
313 4010 391 4103 Serui,
408 4009 444 4091 a2.
468 4010 658 4105 ascribitulff
672 4081 704 4093 ..
722 4008 990 4104 pinsundc,'RTsrlr.
1014 3986 1141 4103 Jlrcj'uudc,
1152 4011 1208 4102 ⁸157.
1218 4031 1259 4090 ’.-

142 4118 205 4163 aurr,
216 4105 248 4155 R.
268 4147 299 4154 -
324 4115 389 4171 essct,
401 4109 434 4159 K.
454 4147 485 4157 -
508 4107 622 4168 mutabas,
634 4109 666 4159 R.
689 4109 753 4160 Post
769 4105 874 4158 crinibus
885 4107 997 4159 collocat
1012 4100 1040 4160 θ.
1064 4106 1152 4160 Omitt.
1165 4101 1259 4171 adssr.

145 4210 174 4220 ..
193 4171 302 4238 criuntur,
314 4166 390 4226 Ros.
409 4174 565 4240 crinibusque,
577 4169 647 4240 dssr.
