2896 4800
186 267 228 329 to
537 281 742 331 unruannrs
764 281 961 332 merosus

186 431 385 519 hydraulicis
406 432 537 519 organis
556 434 706 519 repertis,
734 433 933 501 Dinochares
963 445 1102 501 metatus
1123 437 1311 508 Alexandro

187 536 345 601 condente
366 534 401 598 in
412 533 568 620 Aegypto
581 534 824 600 Alexandriam.
847 534 939 601 Idem
953 534 1007 602 hic
1026 537 1189 623 inperator
1210 540 1313 607 edixit

186 660 228 702 ne
250 637 324 721 quis
344 636 450 723 ipsum
471 636 554 701 alius
575 656 674 719 quam
693 636 828 722 Apelles
849 637 1010 722 pingeret,
1032 657 1130 722 quam
1149 637 1310 730 Pyrgote-

185 741 234 804 les
263 736 430 823 scalperet,
458 758 557 821 quam
577 735 747 823 Lysippus
774 761 815 803 ex
843 760 917 803 aere
945 739 1088 819 duceret,
1117 762 1200 825 quae
1227 754 1312 810 artes

186 838 332 928 pluribus
352 838 534 904 inclaruere
556 838 722 924 exemplis.

226 939 435 1006 XXXVIH.
468 939 520 1005 39.
548 939 703 1005 Aristidis
725 939 872 1007 Thebani
893 941 1027 1027 pictoris
1048 965 1145 1008 unam
1168 945 1309 1013 tabulam
1325 960 1374 1010 lae

184 1051 313 1108 centum
334 1041 462 1106 talentis
482 1063 541 1106 rex
561 1040 693 1107 Attalus
713 1041 821 1107 licitus
843 1053 904 1119 est,
932 1044 1097 1129 octoginta
1123 1048 1200 1123 emit
1228 1049 1309 1115 duas

186 1139 309 1207 Caesar
331 1143 477 1220 dictator,
506 1140 658 1207 Medeam
685 1152 718 1207 et
739 1142 877 1207 Aiacem
897 1141 1107 1224 Timomachi,
1134 1145 1309 1236 intemplo

183 1238 323 1308 Veneris
339 1242 521 1309 Genetricis
543 1243 719 1309 dicaturus.
748 1241 934 1309 Candaules
954 1267 1014 1310 rex
1027 1245 1181 1314 Bularchi
1201 1250 1308 1335 pictu-

183 1364 255 1406 ram
276 1340 469 1429 Magnetum
495 1345 591 1424 cxiti,
620 1345 707 1410 haud
735 1344 908 1410 mediocris
935 1347 1033 1431 spati,
1061 1349 1133 1434 pari
1158 1353 1309 1437 rependit

185 1466 273 1508 auro.
310 1444 462 1510 Rhodum
482 1469 546 1510 non
568 1446 711 1511 incendit
731 1468 790 1511 rex
810 1445 999 1512 Demetrius
1028 1462 1231 1534 expugnator
1253 1476 1324 1527 co-,
1374 1446 1377 1453 ’

184 1545 400 1630 gnominatus,
423 1570 464 1611 ne
480 1546 623 1612 tabulam
636 1546 826 1635 Protogenis
841 1558 998 1613 cremaret
1019 1570 1039 1614 a
1059 1560 1151 1633 parte
1173 1573 1211 1616 ea
1224 1554 1308 1617 muri

184 1648 331 1713 locatam.
367 1646 546 1713 Praxiteles
574 1670 733 1714 marmore
761 1647 947 1715 nobilitatus
967 1659 1019 1715 est
1040 1647 1218 1734 cnidiaque
1239 1652 1308 1718 Ve-
1323 1665 1373 1714 127

185 1770 261 1813 nere
288 1748 463 1834 praecipue
490 1759 610 1814 vesano
637 1771 744 1815 amore
772 1749 941 1816 cuiusdam
966 1750 1092 1816 iuvenis
1123 1751 1245 1838 insigni
1277 1762 1310 1817 et

184 1847 371 1915 Nicomedis
391 1851 623 1915 aestumatione
644 1849 732 1938 regis
758 1851 876 1938 grandi
898 1849 1088 1917 Cnidiorum
1109 1873 1183 1918 aere
1204 1853 1308 1919 alieno

185 1959 369 2033 permutare
397 1972 468 2015 eam
495 1951 610 2015 eonati.
648 1949 785 2016 Phidiae
812 1951 960 2039 Iuppiter
987 1951 1163 2040 Olympius
1191 1955 1309 2020 cotidie

186 2050 404 2116 testimonium
425 2050 584 2136 perhibet,
606 2050 749 2116 Mentori
765 2050 969 2138 Capitolinus
986 2064 1018 2120 et
1030 2053 1138 2121 Diana
1151 2053 1306 2140 Ephesia,

185 2152 304 2238 quibus
325 2153 415 2218 fuere
437 2162 622 2218 consecrata
642 2152 720 2217 artis
742 2153 812 2219 eius
834 2177 922 2220 vasa.
998 2185 1001 2191 ’

227 2253 403 2320 ΧΧΧΙΧ.
435 2255 487 2320 40.
517 2252 662 2320 Pretium
687 2254 824 2320 hominis
852 2257 885 2319 in
915 2256 1045 2322 servitio
1072 2256 1178 2345 geniti
1193 2278 1307 2322 maxu-
1323 2273 1371 2318 ras

186 2379 274 2423 mum
302 2357 345 2424 ad
371 2357 454 2422 hanc
476 2356 572 2433 diem,
600 2357 686 2440 quod
708 2357 855 2441 equidem
878 2359 1090 2444 conpererim,
1117 2359 1180 2425 fuit
1200 2381 1309 2446 gram-

220 2560 378 2626 Dinochares‚
393 2564 418 2613 R
435 2563 505 2624 (libri
516 2563 634 2615 meliores
646 2564 767 2630 Salmas.)
784 2569 926 2629 Disserere,
938 2569 991 2619 Τά.
1008 2565 1160 2626 Dinocrates,
1173 2565 1254 2615 Solin.
1268 2570 1309 2623 32,

187 2636 228 2679 41.
241 2636 282 2692 40,
296 2635 327 2692 5.,
339 2626 390 2696 fir.
407 2632 468 2683 Vid.
480 2634 513 2682 ad
525 2638 566 2693 34,
580 2638 636 2682 148.
651 2673 681 2682 ..
699 2634 822 2699 scalperet,
831 2629 916 2686 ΒθΤ.
937 2631 1059 2697 carperet,
1072 2628 1143 2696 ἁβγ.
1164 2670 1195 2680 ..
1212 2631 1309 2678 incarn-

111 2734 113 2739 .
187 2713 233 2758 ere,
245 2699 276 2748 R.
294 2696 420 2761 incaluere,
433 2703 456 2749 d.

221 2765 235 2825 i
250 2771 306 2816 12⁶·
325 2763 411 2827 1161113,
422 2759 521 2818 ROTd
533 2765 620 2829 (codd.
633 2771 723 2833 optimi
732 2785 772 2834 ap.
783 2772 898 2823 Oudend
908 2770 940 2821 ad
948 2768 1045 2832 AppuL
1057 2773 1117 2817 met
1128 2781 1154 2830 p.
1166 2762 1235 2825 143.)
1259 2762 1309 2812 ir'ci-
1392 2802 1395 2807 .

188 2839 258 2894 tatus,
269 2828 299 2894 β.
317 2873 349 2882 ..
367 2832 488 2893 andan,
502 2835 597 2886 Sabell.
615 2835 732 2899 Mediam,
744 2839 810 2888 R¹d
828 2845 898 2900 meta,
909 2838 955 2887 R‘t
974 2876 1006 2884 -
1023 2833 1116 2886 Aiacen
1132 2830 1309 2893 iimmomachr,

185 2900 231 2949 Bt
249 2901 328 2949 iacent
338 2900 491 2962 monomachi,
503 2904 548 2953 Re
571 2902 614 2951 aia
626 2903 703 2953 canthi
714 2904 844 2968 monarchi,
858 2907 882 2954 d.
901 2944 933 2954 ..
957 2900 1102 2963 Candaules,
1119 2903 1142 2951 d.
1170 2898 1310 2960 Manius,

169 2962 215 3028 st·
228 3007 260 3016 -
277 2966 440 3031 Briareia.
462 2968 567 3031 aaran,
578 2972 611 3020 a.
625 3012 657 3022 ..
672 2971 745 3035 tana,
756 2974 839 3024 ans.
858 2972 916 3023 om,
928 2966 957 3032 a.
971 3011 1003 3020 -
1015 2968 1139 3018 manaan
1150 2967 1232 3032 eant,
1243 2968 1309 3016 sus.

186 3037 218 3085 de
229 3051 277 3085 ass.
290 3051 315 3100 p.
329 3040 387 3086 251.
409 3034 534 3087 mediocris
541 3037 605 3101 pati,
617 3039 684 3090 R'd.
702 3056 733 3090 m.
742 3049 808 3105 pata,
819 3042 864 3093 R2.
882 3038 959 3088 medio
971 3037 1095 3103 crispanti,
1108 3038 1181 3087 codd.
1193 3034 1259 3085 Bud.
1276 3072 1308 3084 .-

186 3102 267 3165 mttris,
280 3107 303 3154 d.
1402 3160 1407 3169 1

219 3171 235 3232 i
249 3176 305 3224 127·
323 3170 506 3236 yiyaendt'aqtte,
520 3173 544 3224 d.
558 3215 589 3224 ..
608 3190 704 3237 verano,
715 3175 782 3226 ate.
801 3217 833 3226 ..
851 3173 959 3240 insipnis,
970 3174 1052 3224 RTd.
1070 3173 1169 3224 Plinius
1181 3169 1311 3233 scripsisse

185 3239 285 3288 ridetur
296 3239 392 3303 ineiyni,
403 3247 439 3288 set
450 3248 480 3301 et,
492 3255 544 3304 quo
557 3244 653 3293 ducunt
663 3244 770 3305 vestigia
782 3244 898 3292 codicum
910 3251 937 3291 et
948 3243 1018 3304 quod
1030 3247 1083 3288 tam
1095 3238 1202 3286 meliore
1214 3247 1310 3284 sermo-

186 3306 226 3354 nis
239 3305 449 3367 conformatione,
463 3323 540 3370 quam
554 3325 601 3359 usu
613 3311 692 3360 Plinii
708 3311 908 3367 commendatur,
925 3309 968 3370 qni
984 3307 1032 3354 has
1047 3304 1184 3367 particulas
1200 3303 1236 3350 ita
1249 3312 1310 3347 con·

187 3374 291 3434 iungere
303 3380 384 3435 amaa
401 3389 425 3422 v.
439 3380 463 3435 2,
477 3380 499 3423 ⁵·
520 3381 544 3437 6,
557 3382 597 3428 54.
617 3381 640 3438 1,
655 3384 693 3427 ιο.
708 3381 765 3427 111.
783 3381 824 3435 aa,
837 3379 877 3424 41.
891 3379 931 3422 aa.
954 3375 1050 3428 1111.
1073 3375 1114 3428 as,
1129 3374 1168 3417 11.
1186 3405 1217 3415 ..
1235 3380 1310 3430 pran-

187 3437 299 3498 111111.
322 3478 355 3489 -
376 3439 468 3501 Dans,
483 3440 536 3492 aa.
559 3483 592 3494 -
614 3443 730 3509 spana,
745 3443 791 3492 aa
817 3429 1054 3503 aptassent.
1081 3435 1201 3498 aetem
1216 3433 1244 3482 in
1259 3435 1311 3483 noc

187 3505 247 3555 loco
265 3508 424 3570 cormptelae
441 3509 537 3571 aliquid
551 3512 629 3563 latere
648 3513 741 3561 docent
753 3523 812 3557 cum
829 3505 968 3568 voxsaere,
985 3517 1051 3580 quae
1067 3504 1097 3552 de
1114 3511 1227 3566 tempore
1238 3516 1311 3567 prae-

187 3575 262 3624 terito
272 3576 349 3623 modo
357 3575 445 3625 valens
453 3576 557 3629 minime
569 3579 699 3630 conciliari
710 3583 795 3640 potest
800 3569 1050 3634 cumrsrbisqnotidre
1055 3569 1170 3635 perhibet,
1176 3570 1312 3646 tumverpa

187 3647 229 3701 33,
243 3647 307 3704 154,
324 3642 370 3692 ubi
385 3643 483 3693 Plinius
497 3646 587 3697 disoete
598 3649 649 3698 ait:
661 3643 750 3694 nullum
766 3639 904 3703 (Mentoris
915 3638 973 3701 vas)
985 3647 1079 3688 exstare
1091 3639 1178 3689 dicitnr
1189 3636 1312 3701 Ephesiae

187 3708 286 3758 Dianae
298 3708 380 3775 templi
389 3718 432 3759 aut
446 3707 576 3775 Capitolini
582 3711 703 3764 incendiis.
721 3711 790 3762 Hinc
798 3709 844 3758 illa
851 3708 907 3772 ipsa
915 3709 1011 3773 templa
1018 3709 1129 3759 Mentori
1138 3705 1312 3784 testimonium

189 3778 299 3837 quotidie
310 3779 442 3841 perhibere
453 3781 602 3844 neutiquam
613 3781 790 3845 diripuerunt,
802 3784 828 3827 11
839 3792 987 3841 persuasum
999 3777 1063 3826 mihi
1074 3783 1113 3824 est
1127 3775 1240 3852 Plimum
1251 3782 1311 3816 scn-

188 3843 268 3904 psissa
284 3843 392 3893 Mentori
406 3844 461 3894 oiim
477 3862 511 3897 sc.
523 3847 651 3911 perhibuit,
668 3847 756 3910 quales
771 3847 921 3896 omissiones
938 3846 1052 3894 eiusdem
1066 3841 1312 3900 verbaquamquam

190 3908 288 3957 diverso
299 3917 414 3973 tempore
430 3915 573 3977 supplendi,
585 3916 731 3980 saepissime
742 3915 916 3975 inveniuntur3
932 3926 956 3961 v.
968 3910 1061 3959 Heind.
1078 3907 1113 3953 ad
1129 3903 1218 3952 Horat.
1231 3908 1278 3950 sat.
1290 3901 1312 3951 1.

192 3978 216 4034 1,
228 3979 278 4034 23„
287 3974 374 4090 (1111111.
386 3980 419 4028 ad
430 3978 483 4030 cie.
494 3981 551 4031 Mil.
563 3986 604 4034 ³7.
617 3991 642 4033 et
651 3983 749 4048 Spohn.
761 3984 795 4034 ad
804 3983 884 4043 Verg.
896 3978 943 4028 ecl.
957 3981 981 4035 9,
995 3979 1017 4023 1.
1035 4009 1069 4021 .-
1090 3969 1141 4017 eius
1155 3967 1224 4029 arith,
1237 3970 1261 4017 d·
1280 4007 1311 4017 -

191 4054 274 4100 varra,
305 4075 312 4090 .
346 4080 350 4087 .

225 4108 240 4169 5
254 4112 311 4159 128.
328 4105 481 4173 humanati
500 4150 531 4162 ..
549 4115 660 4178 penitam,
671 4117 724 4169 Rd.
737 4155 769 4166 ..
787 4109 932 4176 compererit,
946 4107 970 4155 d
984 4143 1015 4153 ..
1027 4101 1132 4180 Papini
1142 4099 1226 4164 Natio,
1238 4103 1311 4181 codd.

191 4173 300 4226 Salmas.
312 4189 394 4229 exera
406 4193 431 4243 p.
445 4184 485 4229 30.
494 4181 560 4232 aD.
573 4190 599 4232 et
608 4182 731 4235 Grouorii
747 4182 781 4230 ad
796 4184 837 4229 aa.
847 4192 869 4227 o.
879 4181 903 4227 2.
920 4170 1112 4248 deputarent}
1130 4167 1276 4234 dampnata,
1287 4173 1312 4221 d.

192 4240 339 4308 Daphnidi,
357 4243 409 4310 Ort,
424 4241 454 4309 β.
479 4246 617 4312 Daphnidis
631 4245 747 4313 Egnatio,
764 4246 876 4298 Gronov.
899 4236 1008 4304 Daphni,
1027 4235 1124 4302 Gnano,
1141 4238 1220 4292 Hand.
1236 4252 1261 4303 γ.
1279 4278 1312 4288 ..
