2896 4800
151 253 213 316 844
502 265 706 314 urrunnun
728 265 923 314 mesonma

150 420 313 485 asinorum
335 419 453 484 coitum
474 418 639 504 patiantur
659 419 856 497 humilitate3
886 420 1041 507 comantis
1062 422 1149 487 enim
1170 419 1274 509 gloria

150 521 323 608 superbire.
345 522 379 585 A
401 521 487 586 coitu
509 522 595 586 solae
617 521 804 587 animalium
825 532 957 586 currunt
975 543 1016 586 ex
1030 522 1165 588 adverso
1180 529 1273 609 aqui·

149 624 220 690 lone
242 633 403 701 austrove‚
431 632 528 709 prout
548 645 668 687 marem
697 633 753 687 aut
778 623 931 688 feminam
952 643 1138 710 concepere.
1175 623 1273 695 Colo-

147 748 216 791 rem
236 725 321 790 illico
342 734 467 789 mutant
488 724 634 789 rubriore
655 724 721 809 pilo
743 725 794 789 vel
820 725 1013 810 quicumque
1042 726 1083 792 sit
1109 727 1270 812 pleniore3

146 828 208 893 hoc
229 837 417 914 argumento
440 825 590 891 desinunt
611 825 792 904 admittere,
821 825 917 892 etiam
942 827 1090 892 nolentis.
1127 827 1198 896 Nec
1218 833 1270 896 in-

147 929 236 1015 pedit
267 939 379 1013 partus
411 926 569 1010 quasdam
601 925 643 991 ab
675 949 773 1014 opere
803 927 981 1011 falluntque
1008 929 1173 1016 gravidae.
1210 931 1270 997 Vi·
1286 948 1328 992 1⁸1

147 1031 229 1096 cisse
251 1027 406 1116 Olympia
425 1038 659 1114 praegnantem
672 1027 896 1094 Echecratidis
911 1028 1058 1095 Thessali
1073 1031 1266 1100 invenimus.

145 1131 256 1216 Equos
278 1141 311 1196 et
331 1153 428 1196 canes
451 1139 483 1194 et
503 1153 577 1195 sues
598 1130 714 1195 initum
735 1129 927 1195 matutinum
947 1130 1112 1216 adpetere,
1135 1132 1269 1200 feminas

145 1243 253 1298 autem
281 1241 358 1317 post
382 1231 550 1296 meridiem
577 1231 716 1297 blandiri
743 1232 964 1318 diligentiores
992 1233 1139 1312 tradunt3
1169 1258 1269 1320 equas

145 1335 282 1400 domitas
303 1357 348 1397 nx
374 1333 489 1398 diebus
517 1332 627 1416 equire
656 1344 828 1417 antequam
855 1333 1014 1421 gregales,
1042 1357 1117 1400 sues
1144 1345 1269 1399 tantum

146 1435 232 1501 coitu
254 1457 401 1522 spumam
422 1455 477 1498 ore
498 1433 644 1512 fundere,
666 1457 792 1499 verrem
814 1435 960 1500 subantis
981 1434 1092 1500 audita
1113 1457 1204 1514 voce,
1233 1437 1267 1500 ni

145 1536 343 1612 admittatur,
366 1533 473 1599 cibum
494 1557 559 1599 non
580 1557 694 1622 capere
715 1535 866 1620 usquein
882 1536 1027 1615 maciem,
1050 1536 1187 1601 feminas
1209 1560 1267 1602 au·

145 1650 210 1701 tem
232 1637 266 1700 in
285 1645 408 1700 tantum
423 1634 549 1700 efferari
564 1646 601 1700 ut
614 1635 776 1702 hominem
789 1638 953 1702 lancinent
967 1637 1105 1704 candida
1118 1660 1266 1705 maxume

144 1747 234 1802 veste
254 1737 412 1801 indutum.
439 1735 560 1801 Rabies
582 1759 620 1802 ea
642 1747 733 1802 aceto
754 1737 919 1824 mitigatur
938 1748 1072 1803 naturae
1094 1737 1328 1823 adspers031sn

144 1837 281 1904 aviditas
303 1837 406 1903 coitus
426 1847 560 1924 putatur
582 1848 615 1904 et
635 1838 715 1904 cibis
736 1840 817 1917 fieri,
841 1840 923 1904 sicut
942 1839 1012 1904 viro
1027 1861 1133 1918 eruca,
1155 1841 1266 1925 pecori

144 1955 253 2027 caepa.
279 1937 373 2022 Quae
396 1962 438 2005 ex
459 1940 538 2005 feris
558 1939 756 2027 mitigentur,
778 1962 845 2005 non
867 1941 1044 2026 concipere,
1065 1951 1104 2005 ut
1124 1963 1264 2020 anseres,

145 2063 240 2126 apros
262 2063 338 2109 vero
361 2041 451 2107 tarde
474 2051 506 2106 et
527 2064 640 2107 cervos
661 2064 721 2108 nec
742 2041 805 2106 nisi
826 2041 867 2106 ab
888 2041 1023 2106 infantia
1037 2041 1189 2107 educatos
1203 2043 1270 2135 mig

142 2165 214 2207 rum
234 2151 294 2208 est.
328 2142 574 2229 Quadripedum
595 2154 811 2229 praegnantes
833 2165 984 2209 venerem
1005 2152 1113 2209 arcent
1133 2155 1265 2228 praeter

143 2265 258 2328 equam
281 2256 314 2310 et
335 2268 443 2321 suem;
467 2246 524 2311 sed
547 2245 748 2332 superfetant
769 2244 912 2331 dasypus
934 2256 966 2310 et
986 2247 1080 2330 lepus
1101 2254 1237 2311 tantum.

183 2344 312 2412 LXIV.
340 2348 390 2413 84.
421 2345 656 2431 Quaecumque
685 2347 804 2412 animal
829 2347 976 2432 pariunt,
1008 2347 1044 2412 in
1077 2347 1184 2433 capita
1211 2349 1262 2436 gi·
1278 2362 1325 2407 lea

141 2457 258 2534 gnunt,
286 2448 478 2513 circumacto
507 2449 566 2514 sub
590 2449 720 2514 enixum
746 2449 813 2514 fetu
834 2449 914 2516 alias
935 2448 970 2513 in
990 2459 1083 2515 utero
1104 2460 1262 2535 porrecto.

143 2545 370 2632 Quadripedes
391 2559 558 2636 gestantur
579 2551 718 2615 extentis
739 2551 781 2614 ad
802 2551 1038 2639 longitudinem
1060 2552 1207 2618 cruribus
1231 2563 1263 2618 et

141 2649 247 2713 alvom
270 2671 360 2714 suam
382 2650 560 2737 adplicatis,
583 2651 676 2717 homo
690 2652 725 2716 in
741 2663 841 2717 semet
855 2653 1074 2739 conglobatus,
1096 2652 1262 2720 interduo

141 2772 250 2836 genua
270 2751 403 2817 naribus
426 2751 504 2817 sitis.
541 2751 659 2831 Molas,
688 2753 728 2818 de
751 2754 869 2838 quibus
896 2765 970 2820 ante
992 2755 1142 2834 diximus,
1169 2755 1262 2844 gigni
1276 2766 1324 2813 184

141 2861 257 2937 putant
276 2852 333 2918 ubi
354 2853 468 2918 mulier
488 2877 554 2919 non
576 2877 617 2920 ex
638 2877 725 2920 mare
747 2878 860 2920 verum
882 2879 923 2921 ex
946 2857 1118 2942 semetipsa
1139 2867 1262 2922 tantum

140 2951 333 3042 conceperit,
360 2956 433 3021 ideo
446 2979 515 3022 nec
537 2957 682 3035 animari,
705 2956 868 3041 quianon
890 2957 932 3022 sit
953 2981 993 3022 ex
1015 2959 1151 3036 duobus,
1173 2958 1261 3022 altri-

174 3097 189 3160 §
203 3099 259 3146 188.
277 3095 368 3159 coitum,
379 3091 493 3149 ROTd.
511 3096 536 3147 in
547 3097 616 3158 coitu,
627 3094 678 3162 βγ.
697 3138 728 3147 ..
751 3092 1012 3159 centumcellen.
1039 3097 1200 3161 hamilitatm,
1210 3093 1261 3162 βγ.

141 3204 173 3213 -
191 3162 301 3228 aquibus
312 3173 434 3226 amtrove,
445 3168 524 3218 Hard.
538 3183 552 3216 e
564 3167 636 3218 codd.
650 3164 696 3228 (1).
718 3164 851 3229 aquilonem
863 3173 1006 3226 castrumve,
1018 3169 1043 3218 R
1051 3159 1168 3218 OSTdr.
1192 3165 1261 3228 aqui-

140 3231 217 3280 lonam
229 3239 397 3296 annuorumee,
409 3230 437 3296 β.
450 3235 482 3284 In
490 3236 645 3298 optimorum
655 3235 777 3284 librorum
789 3248 922 3296 consensu,
931 3234 973 3284 cui
983 3235 1108 3285 Harduini
1120 3234 1262 3283 testimoni·

139 3315 184 3348 um
195 3301 261 3349 nihil
273 3302 390 3361 detrahit,
402 3303 465 3351 mihi
478 3300 631 3350 exadvasum
643 3300 680 3364 (³,
695 3299 766 3364 127.)
777 3302 818 3350 vel
831 3300 974 3350 eausam
984 3299 1021 3363 (6,
1033 3299 1088 3362 48.)
1100 3300 1260 3349 scribendum

139 3368 297 3494 Edem}-
314 3368 416 3429 rasiare,
428 3369 495 3419 Pint.
514 3409 546 3418 ..
565 3367 673 3430 nolentes,
685 3362 769 3420 ROd.
787 3366 896 3431 volentes,
907 3365 936 3429 β.
953 3407 986 3418 ..
1003 3365 1127 3430 quasdam,
1139 3366 1171 3415 R.
1190 3381 1260 3427 quos.

174 3435 231 3493 m‚d
260 3447 287 3499 γ.

173 3503 188 3565 ξ
202 3507 258 3551 181.
276 3499 416 3550 Echecratis
426 3503 468 3552 vol
478 3500 660 3564 Echecranilae,
671 3504 739 3555 Pint.
756 3543 788 3552 .-
806 3503 928 3566 hinnitum,
939 3503 964 3553 d.
981 3500 1080 3564 binum,
1092 3501 1123 3551 R.
1140 3543 1171 3550 -
1190 3500 1260 3550 meri-

139 3566 244 3631 dianam,
256 3569 323 3619 Pint.
342 3610 374 3620 -
393 3567 534 3635 aldiprandus,
546 3588 566 3621 r.
585 3612 617 3620 -
635 3570 697 3634 XL,
709 3588 729 3622 r.
752 3613 784 3622 ..
805 3572 904 3633 nth.
925 3565 1050 3635 η81,βγ.
1074 3611 1106 3620 ..
1128 3586 1202 3634 usqae
1219 3568 1261 3630 ud,

134 3637 172 3687 K.
193 3677 225 3686 ..
249 3637 361 3704 efferari,
378 3638 401 3687 d.
423 3638 513 3704 effe-ri,
524 3641 576 3691 ΒΤ
588 3637 657 3702 (cod.
670 3655 710 3704 ap.
728 3640 843 3691 Oudend.
856 3642 888 3690 ad
901 3639 970 3691 Suet.
982 3638 1039 3690 Cal.
1053 3635 1106 3700 50.)
1123 3639 1218 3703 afferri,
1231 3632 1259 3687 θ.

138 3744 170 3755 ..
198 3703 322 3767 lancinent,
334 3707 372 3756 R²
381 3699 402 3753 θ
407 3707 430 3757 Τ
442 3704 511 3770 (cod.
525 3706 654 3771 Oudend.)
681 3705 794 3768 lecinent,
805 3708 872 3759 R¹d.
891 3706 1001 3767 lacerent,
1012 3702 1062 3772 βγ.

171 3774 262 3888 §md
283 3773 357 3837 coitu,
371 3776 395 3825 d.
420 3815 452 3824 -
479 3777 606 3839 croyait.
633 3815 664 3824 -
691 3775 776 3824 mirum
788 3775 1019 3840 ect,sdsequcntia
1028 3775 1105 3825 refert
1114 3768 1144 3837 β.
1162 3774 1260 3823 Verum

137 3842 233 3891 dantR
265 3844 290 3892 d.
713 3867 715 3871 ·

171 3906 257 3968 §lea
280 3907 450 3972 Quaecumque,
462 3924 486 3960 v.
498 3909 606 3963 Aristot.
617 3911 676 3961 hist.
689 3911 766 3961 anim.
780 3914 803 3973 1,
816 3916 839 3960 8.
866 3951 898 3960 ..
925 3909 1117 3972 enimalzirstl'd.
1143 3948 1175 3957 ..
1193 3906 1260 3969 stetu,

137 3975 283 4024 omitth.
311 4016 343 4025 -
370 3975 446 4037 alias,
463 3978 567 4029 Barbar.
594 3975 658 4039 clais,
674 3970 786 4029 ΒθΤᾶ.
813 4019 846 4028 ..
870 3987 992 4041 porrecto,
1008 3980 1114 4029 Barbar.
1137 3982 1259 4039 porrecta,

136 4032 248 4156 Rq'lgd.
267 4080 299 4090 -
317 4043 423 4105 extenua,
435 4046 467 4096 R.
485 4045 593 4108 atenaco,
606 4040 677 4109 (ἱβγ.
695 4085 728 4094 ..
749 4044 836 4108 aluum,
848 4045 916 4096 Rd¹.
934 4044 970 4094 cd
979 4045 1066 4108 alvum,
1078 4039 1162 4109 ᾶῖβγ.
1179 4044 1214 4094 V.
1226 4043 1260 4093 ad

136 4113 161 4168 a,
191 4113 232 4156 4.

169 4173 464 4241 §recremanda
483 4219 515 4228 -
534 4180 669 4241 asem.,R.
693 4219 725 4228 ..
746 4195 806 4241 cuca,
820 4181 892 4231 codd.
906 4180 963 4232 Gal.
980 4197 1017 4240 ae,
1030 4183 1054 4231 d.
1073 4196 1093 4243 e,
1104 4181 1136 4231 B.
1154 4180 1188 4230 V.
1200 4178 1259 4229 Ari·

135 4249 194 4294 ποι.
207 4256 265 4306 gen.
276 4245 353 4294 anim.
365 4250 389 4306 4,
403 4252 426 4296 o.
439 4261 463 4310 p.
479 4245 547 4298 7⁷4¹>
562 4252 601 4300 17.
619 4287 650 4298 ..
671 4253 769 4308 tanum,
781 4247 856 4299 codd.
869 4249 926 4301 Gel.
945 4255 1031 4311 taum,
1043 4251 1075 4301 Β.
1094 4255 1180 4311 tantu,
1192 4250 1216 4298 8.
1227 4286 1258 4295 -
