2896 4800
217 270 228 287 r
339 259 410 307 mn.
427 259 488 306 v11.
517 256 841 307 cinnamum.
872 256 969 304 sacr.
985 258 1076 303 a-a.
1225 242 1267 303 47

145 397 339 484 Pannonicis
365 409 457 478 bellis
482 409 577 476 ruina
605 431 623 474 e
652 410 742 488 turri,
769 418 817 475 tot
845 408 1018 476 seditiones
1044 396 1200 489 militum,
1221 419 1268 475 tot

145 516 304 603 ancipites
330 512 432 579 morbi
461 511 620 599 eorporis3
647 521 800 597 suspecta
823 506 975 575 Marcelli
998 520 1088 588 vota,
1116 513 1269 598 pudenda
1283 531 1330 576 res

145 617 316 704 Agrippae
338 614 509 700 ablegatio,
530 613 648 678 totiens
669 612 770 699 petita
789 610 916 676 insidiis
937 607 1015 688 vita,
1041 610 1207 678 incusatae
1228 613 1267 678 li-

146 716 297 801 berorum
316 726 437 781 mortes
457 713 631 799 luctusqne'
650 734 716 778 non
736 723 862 778 tantum
882 711 1020 778 orbitate
1042 711 1153 791 tristis,
1175 715 1268 780 adul-

146 819 263 884 terium
282 818 368 883 filiae
388 826 421 883 et
443 815 576 882 consilia
588 815 770 900 parricidae
784 815 891 898 palam
904 813 1000 889 sucta,
1022 814 1270 882 contumeliosus

145 918 288 1005 privigni
308 917 447 983 Neronis
468 937 629 993 secessus,
650 914 739 980 aliud
759 915 794 980 in
814 925 912 999 nepte
934 913 1138 991 adulterium,
1160 915 1270 982 iuncta

146 1019 264 1085 deinde
286 1029 333 1086 tot
346 1019 442 1097 mala,
464 1017 576 1102 inopia
592 1015 745 1103 stipendi,
767 1015 898 1082 rebellio
911 1012 1046 1100 Illyrici,
1069 1016 1271 1081 servitiorum

39 1135 60 1215 ¹.
147 1119 303 1197 delectus,
324 1118 501 1183 iuventutis
522 1117 670 1204 penuria,
690 1116 876 1204 pestilentia
896 1115 997 1195 urbis,
1025 1116 1126 1180 fames
1146 1115 1269 1197 Italiae,

147 1219 319 1285 destinatio
345 1218 531 1304 exspirandi
558 1227 591 1286 et
610 1217 774 1303 quatridui
798 1218 908 1285 inedia
932 1215 1036 1283 maior
1060 1237 1138 1301 pars
1157 1217 1270 1284 mortis

146 1320 182 1385 in
203 1341 320 1406 corpus
340 1329 471 1406 recepta
477 1343 487 1396 3
514 1319 606 1385 iuxta
632 1320 713 1386 haec
733 1319 878 1386 Variana
904 1316 1013 1383 clades
1040 1326 1073 1382 ct
1093 1317 1270 1386 maiestatis
1285 1336 1333 1383 150

146 1421 218 1487 eius
239 1420 335 1487 foeda
356 1420 552 1508 suggillatio,
574 1417 734 1487 abdicatio
755 1419 903 1484 Postumi
922 1418 1095 1508 Agrippae
1114 1430 1190 1506 post
1210 1421 1269 1486 ad-
1384 1480 1390 1492 ,

147 1523 352 1610 optationem,
381 1523 577 1589 desiderium
603 1533 680 1609 post
705 1521 944 1610 relegationem,
971 1521 1048 1588 inde
1075 1523 1215 1610 suspicio
1235 1524 1271 1589 iu

146 1625 288 1691 Fabium
314 1645 567 1709 arcanorumque
594 1623 823 1709 proditionem,
859 1622 938 1690 hinc.
960 1622 1074 1688 uxoris
1100 1633 1133 1687 ct
1159 1623 1270 1690 Tiberi

146 1726 370 1817 cogitationes,
399 1746 550 1812 suprema
575 1725 645 1790 eius
666 1746 754 1789 eura.
789 1723 830 1789 In
851 1746 988 1803 summa,
1018 1724 1100 1790 dens
1120 1724 1174 1791 illc
1195 1746 1269 1792 cse-

105 1826 109 1837 '
145 1830 276 1913 lumque
301 1828 410 1895 nescio
435 1828 574 1914 adeptus
599 1825 704 1913 magis
730 1847 773 1891 an
796 1826 932 1896 meritus
956 1826 1077 1893 herede
1097 1824 1199 1893 hostis
1219 1827 1271 1893 sui

146 1929 211 1997 filio
233 1930 382 1996 excessit.

187 2029 317 2098 XLVI.
350 2033 404 2097 47.
432 2027 583 2098 Subeunt
603 2031 637 2096 in
657 2029 718 2096 hac
738 2034 940 2119 reputatione
960 2031 1122 2119 Delphica
1142 2032 1271 2100 oracula
1284 2045 1329 2094 151
1396 2027 1404 2049 ¹

146 2132 234 2198 velut
255 2133 297 2196 ad
312 2131 533 2217 castigandam
546 2130 711 2196 hominnm
724 2134 899 2198 vanitatem
919 2155 939 2196 a
960 2133 1022 2197 deo
1043 2133 1170 2197 emissa.
1192 2131 1270 2199 Duo

148 2240 222 2297 sunt
246 2230 343 2296 haee:
379 2229 519 2294 Pedium
546 2229 769 2294 felicissimum
796 2232 853 2314 qui
886 2252 946 2317 pro
976 2231 1082 2316 patria
1113 2253 1271 2318 proxume

148 2330 369 2406 occubuisset3
395 2330 513 2394 iterum
534 2351 554 2394 a
576 2325 675 2416 Gyge
695 2351 773 2418 rege
795 2340 873 2397 tunc
896 2332 1092 2419 amplissimo
1114 2343 1272 2401 terrarum

148 2431 296 2510 consulti,
324 2431 469 2519 Aglaum
489 2430 701 2518 Psophidium
721 2454 794 2499 esse
815 2433 989 2501 feliciorem
995 2459 1005 2513 3
1033 2435 1139 2502 senior
1161 2437 1218 2503 bic
1236 2439 1271 2505 in

147 2533 377 2621 angustissimo
404 2531 568 2600 Arcadiae
594 2533 713 2623 angulo
742 2556 876 2622 parvom
904 2537 961 2603 sed
989 2539 1105 2604 annuis
1131 2541 1270 2607 victibus

146 2634 236 2721 large
264 2634 427 2700 sufficiens
452 2635 621 2722 praedium
648 2636 773 2703 colebat
798 2661 975 2724 numquam
996 2661 1037 2705 ex
1058 2662 1097 2706 eo
1118 2663 1270 2729 egressus

62 2787 66 2791 v
147 2746 254 2823 atque,
276 2746 314 2802 ut
334 2759 352 2803 e
373 2734 458 2803 vitae
479 2759 600 2824 genere
620 2738 826 2806 manifestum
847 2750 908 2821 est,
930 2741 1073 2808 minuma
1094 2742 1270 2833 cupiditate

146 2837 326 2906 minumum
345 2837 381 2906 in
401 2838 471 2906 vita
488 2838 565 2905 mali
586 2850 753 2926 expertus.

30 3110 33 3115 Ι
147 3037 302 3095 ROTKdr.
321 3042 418 3107 turpida
429 3042 515 3108 lutera,
525 3041 555 3108 β.
568 3084 601 3097 -
615 3061 699 3110 preces
706 3063 755 3112 pro
763 3046 869 3111 pert'cala
880 3047 970 3109 morir'e,
981 3065 1002 3099 r.
1015 3087 1046 3098 ..
1063 3049 1210 3100 Pannonicis
1223 3051 1270 3101 bel·

150 3109 186 3172 lis,
198 3112 240 3160 Rr
256 3108 344 3172 (codd.
363 3111 471 3162 Salmas.
488 3127 570 3163 exerc.
587 3127 612 3177 p.
626 3120 666 3164 le.
677 3114 703 3164 b.
716 3113 760 3177 O.)
780 3105 1008 3182 Pannonicisssbelli,
1018 3119 1042 3166 (1.
1063 3115 1200 3167 Pansam
1208 3117 1270 3183 belli,

148 3179 222 3228 codd.
236 3178 324 3230 Gelen.
336 3173 367 3239 β.
379 3218 411 3229 ..
430 3177 502 3228 ruina
513 3196 526 3229 e
538 3179 605 3242 tuni,
616 3180 648 3230 R.
667 3180 736 3230 raiae
748 3180 817 3243 tuni,
830 3185 854 3233 d.
871 3181 956 3231 rainae
965 3181 1037 3245 carri,
1048 3183 1145 3249 Rigalt.
1161 3187 1235 3237 reita
1245 3186 1271 3236 ia

148 3261 228 3309 curra,
240 3247 359 3297 nonnulli
370 3248 446 3298 codd.
459 3246 567 3300 Salmas.
585 3247 669 3298 ruinae
680 3249 705 3298 ia
716 3265 794 3312 sunu,
806 3266 826 3300 r.
843 3250 1068 3315 mesopotamii.

181 3342 267 3404 5149.
285 3346 343 3407 cito,
354 3348 387 3398 K.
406 3387 437 3398 ..
457 3347 577 3410 asnaa,
589 3352 707 3402 Torreat,
724 3354 757 3402 sd
769 3351 838 3403 Suet.
850 3353 920 3417 Aug.
933 3357 974 3405 66.
993 3396 1025 3406 ..
1046 3354 1176 3420 incusante,
1193 3361 1217 3410 d.
1237 3401 1269 3411 ..

147 3413 259 3474 orbitate,
272 3417 295 3464 d.
314 3415 424 3478 abiate,
436 3417 469 3466 R.
494 3459 526 3468 ..
546 3418 632 3480 asta,
645 3420 677 3469 R.
695 3419 769 3483 trista
783 3423 806 3470 d.
826 3420 911 3481 tristes,
922 3416 974 3486 βγ.
993 3431 1016 3472 et
1026 3423 1121 3474 amissis
1133 3425 1212 3475 laberis
1224 3443 1270 3476 non

147 3477 214 3556 calm·
221 3480 329 3530 orbitatis
339 3480 413 3541 dolor,
426 3483 533 3536 Salmas.
546 3501 560 3536 e
571 3487 649 3538 libris.
672 3527 705 3538 ..
726 3488 752 3536 in
763 3494 843 3552 nepte,
854 3482 955 3540 R²0T.
978 3490 1066 3555 inepte,
1077 3494 1123 3544 1³¹.
1145 3493 1233 3556 iaspre,
1244 3496 1269 3544 d.

148 3541 269 3622 nemsi
292 3582 299 3595 .
322 3587 355 3597 -
376 3547 491 3626 astas.
514 3593 546 3603 -
561 3546 1051 3621 sama,aor<00au.snma.)same
1061 3559 1177 3620 samu.
1186 3559 1271 3621 sama

147 3619 252 3675 sausque,
287 3626 312 3676 γ.
331 3652 364 3662 -
381 3612 531 3679 Ittebee,B.
549 3658 581 3668 ...
599 3636 702 3684 corpore,
715 3623 738 3672 d.

182 3711 268 3774 5150.
286 3710 469 3777 manaem,
480 3716 512 3766 R,
531 3715 685 3781 adoptem
698 3717 771 3785 ᾶβγ.
790 3761 823 3772 ,.
840 3720 983 3782 naconem,
994 3723 1027 3772 R.
1047 3761 1078 3771 ..
1095 3723 1212 3787 aenio,
1224 3726 1277 3780 111..

31 3790 38 3801 “
148 3821 181 3832 ,.
197 3778 351 3844 proditorem,
366 3773 394 3831 θ.
415 3780 519 3845 prodito,
531 3785 564 3833 K.
586 3800 728 3835 arcanorum
735 3787 882 3850 proditorem
893 3788 934 3836 vel
941 3787 1092 3851 proditionis,
1106 3791 1212 3843 Salmas.
1235 3836 1268 3847 -

66 3850 70 3859 ’
147 3846 238 3912 aaa,
250 3851 283 3901 B.
301 3889 334 3899 ...
351 3847 425 3898 tuas
435 3849 480 3913 sui,
492 3849 614 3914 B(codd.
628 3852 731 3917 Gelan.)
749 3854 856 3916 atissa,
868 3856 893 3903 (1.
910 3870 957 3903 noa
967 3871 1016 3919 seso,
1030 3859 1102 3908 codd
1113 3859 1251 3931 Barbari„

182 3947 268 4010 §151-
287 3948 360 4014 late,
371 3952 403 4002 R.
422 3994 454 4003 ..
473 3949 627 4018 campaneio,
639 3955 671 4005 B.
690 3953 862 4020 casb'paadam,
875 3958 900 4008 d.
918 3998 949 4008 -
968 3958 1111 4023 vanitatem,
1124 3965 1161 4014 d¹.
1180 4005 1212 4015 ..
1229 3965 1270 4029 ab,

152 4008 197 4068 Or.
215 4057 248 4067 ..
265 4017 381 4082 Pedium,
392 4021 475 4072 RTd.
492 4019 622 4085 Peedinm,
639 4014 667 4072 θ.
684 4020 815 4086 Pbeds'asn,
827 4019 877 4089 βγ.
900 4065 933 4076 ...
954 4027 1065 4091 comiti,
1077 4024 1137 4080 Re.
1156 4031 1270 4096 consulta,

149 4085 174 4133 (1.
191 4083 330 4148 ansultam,
346 4083 398 4154 βγ.
424 4131 456 4140 -
482 4088 651 4154 Rephidim,
667 4090 699 4140 R.
725 4089 936 4157 fretosum.
953 4095 1070 4148 Hascex
1081 4098 1269 4154 ValerioMax.

149 4149 211 4200 vn.
226 4157 249 4212 1,
261 4159 286 4203 2.
304 4194 337 4205 ..
354 4156 589 4221 anpastt'ssimnm‚d.
608 4159 848 4224 caementum.
868 4201 897 4210 -
922 4163 1034 4229 co,Rd².
1052 4181 1106 4230 quo,
1119 4169 1155 4217 ot
1177 4209 1209 4219 ...
1231 4175 1270 4217 αἱ,

150 4231 196 4280 que
206 4225 239 4281 at,
250 4220 304 4272 Bd.
321 4228 400 4287 atque,
412 4223 439 4276 8.
456 4226 542 4290 stt'qne,
553 4241 574 4276 r.
591 4265 623 4277 ...
642 4225 744 4290 minime,
756 4228 780 4279 (1.
799 4267 830 4280 ...
848 4227 964 4296 wpidiae,
975 4227 1005 4294 β.
