2896 4800
370 283 441 330 nm.
458 282 493 328 x.
521 278 599 327 our.
616 278 779 327 nv1..nx.
808 277 906 327 sacr.
922 279 1011 324 ome.
1189 263 1250 329 239

131 432 262 504 niuntm
288 434 401 500 etalii
427 432 607 519 provolant,
635 431 689 496 alii
715 439 905 515 erumpunt3
942 429 1005 515 ipsi
1032 429 1149 497 deinde
1169 431 1251 518 pulli

131 537 409 622 quinquemestres
430 533 596 600 fetificant
631 531 678 596 Et
698 530 789 619 ipsae
810 539 919 595 autem
945 529 1029 595 inter
1055 552 1101 610 se,
1128 535 1156 598 si
1182 555 1252 600 mas

131 660 197 703 non
220 638 271 715 sit,
292 636 430 702 feminae
451 655 554 718 aeque
570 633 687 700 saliunt
700 632 893 720 pariuntque
914 651 977 696 ova
996 629 1102 711 inrita,
1125 655 1167 699 ex
1178 635 1251 719 qui·

131 740 193 805 bus
215 738 294 803 nihil
315 736 470 825 gignitur,
492 757 574 820 quae
596 734 789 822 hypenemia
811 729 929 798 Graeci
949 743 1097 799 vocant.-

173 838 270 904 LIX.
290 838 382 903 Pavo
403 860 424 902 a
445 836 574 902 trimatu
595 837 697 922 parit;
719 835 823 921 primo
839 855 922 899 anno
936 856 1037 899 unum
1049 844 1107 900 aut
1120 836 1254 902 alterum
1267 856 1313 902 161

124 933 236 1019 ovem,
261 938 406 1024 sequenti
427 949 583 1022 quaterna
605 935 757 1021 quinave,
780 935 895 1001 ceteris
917 934 1076 1014 duodena,
1097 959 1163 1002 non
1183 958 1265 1028 cmg

132 1041 229 1127 plius,
250 1040 464 1106 intermittens
485 1037 579 1103 binos
600 1037 670 1103 dies
692 1048 840 1104 ternosve
861 1035 958 1123 parit,
981 1046 1014 1102 et
1035 1047 1085 1103 ter
1105 1060 1201 1118 anno,
1225 1038 1254 1104 si

132 1141 260 1228 gallinis
282 1141 480 1208 subiciantur
500 1139 693 1205 incubanda.
725 1137 839 1204 Mares
859 1160 899 1204 ea
920 1137 1074 1225 frangunt
1095 1138 1253 1206 desiderio

133 1242 371 1321 incubantium,
409 1251 606 1328 quapropter
636 1250 736 1306 noctu
763 1249 795 1306 et
820 1238 855 1304 in
880 1238 1012 1305 latebris
1037 1241 1168 1326 pariunt
1198 1251 1254 1307 aut
1293 1309 1296 1317 f

132 1346 167 1410 in
189 1345 315 1410 excelso
337 1343 501 1420 cubantes,
515 1354 556 1409 et
577 1342 640 1408 nisi
660 1341 748 1407 molli
769 1351 869 1406 strato
891 1352 1028 1427 excepta
1048 1342 1251 1429 franguntur.

133 1445 245 1512 Mares
267 1445 386 1534 singuli
408 1444 514 1529 quinis
536 1443 700 1510 sufficiunt
720 1441 929 1530 coniugibus3
952 1460 1025 1507 cum
1040 1443 1184 1532 singulae
1198 1456 1254 1511 aut
1269 1463 1317 1510 rsa

134 1547 228 1612 binae
255 1547 356 1624 fuere,
384 1544 605 1632 conrumpitur
632 1543 795 1610 salacitate
822 1543 1013 1610 fecunditas.
1049 1544 1170 1611 Partus
1195 1569 1253 1612 ex·

134 1648 276 1714 cluditur
302 1648 415 1714 diebus
442 1658 491 1713 ter
517 1647 653 1713 novenis
681 1657 738 1711 aut
759 1645 882 1711 tardius
904 1646 1074 1712 tricesimo.
1108 1645 1254 1714 Anseres

133 1749 168 1814 in
189 1771 273 1834 aqua
294 1760 430 1828 coeunt·
450 1749 581 1834 pariunt
606 1770 682 1814 vere
708 1757 765 1812 aut
787 1747 815 1812 si
835 1746 949 1813 bruma
970 1747 1073 1813 coiere
1093 1761 1169 1834 post
1189 1750 1254 1815 sol-

135 1850 268 1929 stitium,
291 1850 503 1938 quadraginta
524 1871 636 1937 prope,
658 1848 708 1914 bis
730 1869 824 1926 anno,
853 1847 881 1911 si
902 1847 1041 1932 priorem
1061 1848 1162 1914 fetum
1183 1851 1253 1936 gal-

133 1951 219 2017 linae
241 1952 430 2030 excludunt,
460 1952 538 2017 alias
560 1951 708 2036 pluruma
729 1971 790 2015 ova
812 1946 963 2025 sedecim
989 1948 1183 2034 paucissima
1203 1972 1254 2014 se-

134 2061 232 2139 ptem.
269 2049 307 2118 Si
334 2052 406 2136 quis
434 2051 603 2138 subripiat,
632 2049 761 2138 pariunt
787 2049 890 2113 donee
916 2058 1121 2133 rumpantur3
1151 2049 1255 2115 aliena

134 2153 199 2220 non
221 2153 406 2219 excludunt.
427 2152 616 2219 Incubanda
637 2150 740 2217 subici
760 2148 967 2215 utilissimum
980 2171 1096 2214 novem
1117 2161 1174 2215 aut
1194 2174 1255 2215 un-
1270 2171 1318 2218 roa

135 2255 251 2320 decim.
273 2254 431 2319 Incubant
452 2253 589 2318 feminae
611 2262 735 2316 tantum
757 2250 887 2317 tricenis
907 2250 1034 2330 diebus,
1060 2250 1088 2316 si
1109 2274 1185 2318 vero
1206 2264 1255 2319 te·

136 2354 279 2440 pidiores
300 2353 376 2432 sint,
403 2353 519 2440 viginti
539 2353 692 2437 quinque.
726 2351 830 2418 Pullis
852 2374 962 2419 eorum
982 2353 1087 2419 urtica
1107 2363 1256 2422 contactu

135 2455 317 2534 mortifera,
346 2476 406 2520 nec
427 2455 534 2520 minus
562 2441 714 2534 avillitas,
741 2477 837 2521 nunc
855 2454 1003 2522 satietate
1030 2456 1143 2536 nimia,
1170 2479 1256 2524 nunc

137 2566 262 2623 suamet
282 2557 326 2635 vi,
347 2557 476 2641 quando
497 2557 698 2644 adprehensa
718 2556 838 2636 radice,
861 2578 970 2624 morsu
991 2579 1088 2645 saepe
1104 2570 1256 2626 conantes

136 2657 284 2736 avellere,
311 2668 386 2724 ante
413 2659 494 2725 eolla
521 2681 580 2725 sua
606 2658 810 2744 abrumpunt
850 2653 973 2724 Contra
993 2659 1130 2726 urticam
1150 2683 1255 2728 reme·

136 2759 225 2825 dium
247 2769 296 2826 est
318 2769 492 2826 stramento
514 2760 555 2826 ab
576 2759 724 2826 incubitu
746 2759 874 2826 subdita
894 2760 988 2833 radix
1010 2783 1128 2831 earum.

177 2859 255 2925 Lx
277 2861 491 2927 Ardeolarum
512 2861 573 2926 tria
592 2884 729 2949 genera:
751 2862 875 2940 leucon,
897 2858 1043 2941 arterias,
1064 2862 1175 2950 pellea
1207 2863 1256 2930 Hi
1270 2879 1319 2927 1⁶4

135 2958 170 3024 in
191 2962 278 3028 coitu
299 2972 478 3048 anguntur3
500 2984 607 3027 mares
629 2962 759 3046 quidem
781 2983 855 3028 cum
871 2963 1051 3029 vociferatu
1067 2965 1256 3051 sanguinem

137 3060 234 3127 etiam
256 3084 296 3128 ex
318 3063 419 3128 oculis
440 3062 639 3149 profundunt
645 3086 655 3141 3
677 3083 737 3128 nec
758 3063 864 3127 minus
885 3085 982 3151 aegre
1002 3065 1134 3150 pariunt
1146 3066 1255 3150 gravi-

170 3235 255 3297 §lea
280 3232 406 3297 masculae,
418 3233 449 3286 Τ.
476 3275 508 3285 ..
534 3249 625 3296 semper
635 3234 801 3296 maran,'l'(l.'
821 3249 900 3298 saepe,
912 3235 979 3286 Pint
991 3249 1011 3284 r.
1029 3275 1062 3285 ..
1083 3236 1255 3299 parientem.

135 3303 189 3433 siai,
201 3342 253 3421 ᾗ
261 3301 466 3434 paffielnp’vpl
474 3310 530 3368 pest
542 3299 651 3365 triduam
662 3302 731 3354 Pint.
749 3343 781 3354 ..
805 3317 857 3352 mos
868 3302 1001 3366 etsensim,
1013 3305 1044 3355 R
1062 3319 1140 3352 merca
1152 3306 1256 3370 etfam-
1280 3357 1283 3361 ,

170 3455 255 3516 5160.
282 3458 389 3518 ternad.
417 3497 449 3506 ...
475 3452 599 3517 interdura,
611 3470 662 3506 om.
674 3472 694 3507 r.
718 3476 754 3507 ι..
781 3454 887 3519 educunt,
902 3448 1001 3508 Teos.
1028 3453 1257 3524 demutamur

136 3517 215 3582 corr.)
232 3518 309 3583 duat
321 3517 350 3583 β.
368 3562 401 3572 -
418 3539 526 3589 namque,
537 3523 619 3574 R'l'd.
637 3539 700 3586 nom,
711 3520 762 3590 βγ.
781 3567 813 3575 -
831 3540 885 3586 eoa,
896 3525 979 3576 R'l'd.
1001 3539 1072 3588 saepe
1083 3541 1141 3588 oea,
1152 3521 1204 3590 βγ.
1224 3567 1255 3576 -

137 3582 272 3647 cicindeli.
290 3604 387 3651 queque,
400 3590 453 3640 Tc.
472 3631 504 3639 -
521 3599 649 3653 remeares,
660 3592 729 3642 Pint
748 3632 781 3642 -
798 3591 859 3641 nillil
869 3591 968 3652 omnino,
979 3593 1032 3642 Td.

171 3671 256 3734 5161.
273 3669 411 3733 incubando,
426 3665 455 3722 θ.
473 3673 507 3722 V.
519 3673 624 3724 Ariston
636 3674 654 3723 l.
666 3675 685 3722 1.
698 3680 721 3735 6,
734 3680 758 3724 9.
777 3714 809 3725 ..
826 3682 877 3736 cut,
895 3675 976 3725 omitt.
992 3675 1060 3727 Pint.
1077 3685 1138 3727 etr.
1155 3676 1188 3726 V.
1206 3677 1256 3728 Co-

136 3737 234 3788 lumell.
246 3737 321 3787 VIII.
336 3743 375 3798 12,
388 3742 411 3788 9.
430 3779 463 3788 -
480 3745 565 3800 stratu,
578 3741 602 3788 d.

171 3826 255 3889 5162.
273 3820 382 3886 sinyulia,
394 3821 447 3871 Rd.
466 3861 498 3872 ...
516 3821 638 3883 messiano,
650 3824 734 3873 RTd.
754 3822 891 3884 marmiae,
905 3818 933 3874 θ.
951 3824 1066 3886 alseatina,
1077 3822 1106 3888 β.
1124 3867 1156 3878 ..
1175 3829 1256 3893 coiere,

129 3893 190 3944 ,Ra
208 3891 298 3940 eeieere
309 3885 359 3955 βγ.
379 3929 411 3940 ..
429 3886 619 3953 quadrupesimo,
632 3888 704 3941 sur.
724 3931 756 3940 ..
778 3890 833 3952 Ter,
844 3892 912 3941 Pint.
931 3933 963 3941 -
981 3891 1040 3954 elio,
1051 3895 1104 3945 Rd.

170 3977 256 4038 §ltu
282 3973 370 4024 vicenis
381 3973 466 4038 quinia
477 3974 544 4024 Pina
557 3973 676 4025 Ceterum
686 3989 711 4024 v.
723 3975 797 4025 Varr.
811 3977 951 4027 deremet.
968 3977 1017 4028 III.
1032 3984 1075 4039 lo,
1094 3986 1115 4030 5.
1142 4023 1173 4032 ..
1202 4000 1257 4033 een.

138 4045 258 4120 troemd.
285 4085 317 4093 -
344 4043 437 4106 ne,R¹.
463 4040 717 4106 nimiaqoelerborum
728 4041 943 4105 arcitenens.
961 4086 993 4095 ..
1020 4044 1255 4112 abmbimROTd.

137 4110 256 4238 asgup&
265 4105 446 4237 limatorum,
458 4178 524 4228 Ru.
542 4178 576 4228 V.
589 4178 695 4230 Aristot
708 4178 726 4227 l.
737 4179 754 4228 Ι.
769 4184 792 4242 9,
807 4185 828 4229 l.
840 4193 865 4244 p.
879 4177 946 4231 609¹)
959 4186 1000 4232 21.
1028 4223 1058 4233 ..
1086 4181 1176 4250 isuper,
1188 4186 1254 4236 R¹d.

139 4283 170 4293 ..
188 4243 472 4308 marapetinum.
528 4277 530 4280 ⁴
