2896 4800
194 162 256 231 dii
547 178 751 229 alrannus
772 177 968 228 msroama

196 357 294 402 causa
313 334 347 398 in
361 332 454 398 Italia
475 333 607 401 victrice
628 333 782 412 omnium,
805 333 839 398 in
853 331 989 418 Europa
1004 352 1080 397 vero
1102 341 1168 397 tota
1188 330 1320 418 practer

194 438 268 503 irim
288 435 448 521 Illyricam
470 444 504 500 ct
523 435 661 500 nardum
683 433 844 500 Gallicum
865 433 1028 522 gignitum
1056 456 1132 499 nam
1153 434 1265 500 vinum
1286 447 1320 502 et

194 560 269 605 rosa
289 547 323 605 et
342 537 441 623 myrti
463 536 541 603 lolia
561 537 732 623 oleumque
754 536 925 602 conmunia
950 536 1018 601 fere
1045 536 1188 601 omnium
1214 547 1318 603 terra·

195 661 267 704 rum
288 637 525 727 intellegantur.

236 739 267 804 3.
302 735 405 806 Siccis
432 739 586 806 odoribus
618 748 764 806 constant
794 760 878 824 quae
911 739 1113 825 diapasmata
1143 750 1367 820 vocantur31a

194 863 269 906 nam
290 840 415 907 faecem
436 840 593 928 unguenti
615 863 745 930 magma
765 841 937 928 appellant.
965 841 1055 907 Inter
1076 841 1181 907 omnia
1201 852 1318 928 poten-

196 940 341 1008 tissimus
360 943 440 1009 odor
462 942 610 1028 quisquis
629 942 806 1008 novissime
822 942 960 1008 additur.
989 941 1167 1030 Unguenta
1187 954 1319 1030 optume

194 1054 362 1110 serrantur
381 1043 416 1108 in
437 1042 615 1123 alabastris,
637 1043 752 1108 odores
772 1043 807 1107 in
828 1045 909 1121 oleo,
931 1041 1018 1128 quod
1038 1043 1241 1109 diuturnitati
1261 1066 1318 1112 eo·

194 1168 268 1211 rum
289 1155 378 1211 tanto
399 1145 509 1210 utilius
532 1154 592 1224 est,
615 1153 733 1228 quanto
754 1144 919 1232 pinguius,
941 1154 979 1210 ut
999 1166 1041 1211 cx
1062 1145 1249 1234 amygdalis.
1271 1145 1320 1212 Et

195 1245 269 1332 ipsa
294 1256 463 1334 unguenta
488 1255 648 1311 vetustate
675 1247 825 1323 meliora3
863 1245 911 1311 sol
937 1246 1087 1313 inimicus
1113 1247 1176 1326 his,
1203 1267 1318 1330 quam-

193 1347 305 1413 obrem
331 1349 366 1413 in
392 1345 507 1412 umbra
529 1346 709 1412 conduntur
729 1347 889 1435 plumbeis
916 1348 1013 1412 vasis.
1049 1346 1320 1434 Experimentum

197 1470 309 1514 eorum
329 1448 460 1512 inversa
479 1468 578 1512 manu
599 1447 736 1533 capitur,
759 1471 799 1513 nc
822 1468 976 1514 carnosae
997 1449 1100 1535 partis
1118 1450 1203 1516 calor
1216 1450 1319 1516 vitiet.

237 1547 301 1613 III.
334 1550 366 1612 4.
392 1545 486 1612 Haec
508 1556 558 1610 cst
579 1546 710 1612 materia
730 1547 827 1612 luxus
849 1569 867 1613 c
889 1549 1012 1614 cunctis
1033 1572 1183 1615 maxume
1205 1573 1318 1637 super·
1332 1569 1366 1613 ac

196 1647 306 1727 vacui3
324 1647 521 1736 *margaritae
540 1648 627 1714 enim
645 1670 856 1736 gemmaeque
870 1649 913 1713 ad
926 1650 1078 1716 heredem
1092 1661 1200 1717 tamen
1214 1662 1319 1717 trans·

87 1767 90 1772 '
197 1761 285 1829 eunt,
308 1759 414 1816 vestes
435 1759 615 1836 prorogant
636 1760 774 1836 tempus,
802 1762 968 1837 unguenta
989 1751 1074 1818 illico
1094 1753 1262 1840 exspirant
1281 1775 1321 1820 ac

198 1850 266 1918 suis
288 1852 468 1917 moriuntur
489 1851 587 1916 horis.
623 1849 758 1917 Summa
780 1852 1002 1918 conmendatio
1025 1875 1136 1920 eorum
1155 1863 1193 1918 ut
1214 1863 1320 1920 trans-

197 1964 292 2022 cunte
314 1953 432 2019 femina
452 1952 534 2018 odor
554 1953 670 2019 invitet
691 1954 789 2019 etiam
810 1953 899 2020 aliud
920 1954 1065 2042 agentis,
1094 1955 1320 2041 exceduntque

197 2055 436 2143 quadringenos
459 2054 607 2121 denarios
628 2054 739 2120 librae.
773 2054 871 2120 Tanti
892 2055 1009 2120 emitur
1029 2055 1177 2143 voluptas
1197 2057 1318 2133 aliena3

197 2159 315 2223 etenim
343 2158 474 2223 odorem
506 2157 562 2241 qui
592 2157 677 2245 gerit
703 2157 775 2244 ipse
800 2180 865 2223 non
899 2157 996 2222 sentit
1003 2181 1013 2234 ;
1047 2168 1153 2224 tamen
1181 2167 1215 2224 et
1237 2157 1320 2224 haec

198 2258 307 2343 aliqua
327 2257 509 2327 differentia
532 2257 688 2344 signanda
711 2257 785 2322 sint.
805 2256 846 2320 In
862 2255 912 2322 M.
928 2255 1097 2324 Ciceronis
1116 2259 1320 2326 monimentis
1334 2277 1365 2322 ar

198 2361 362 2427 invenitur
388 2368 556 2447 unguenta
578 2359 725 2451 gratiora
751 2380 822 2425 esse
855 2380 939 2444 quae
970 2369 1089 2426 terram
1116 2381 1213 2447 quam
1237 2381 1320 2447 quae

201 2484 329 2530 crocum
353 2461 489 2551 sapiant,
516 2461 645 2551 quando
673 2461 770 2530 etiam
791 2461 1036 2547 corruptissimo
1056 2463 1092 2529 in
1112 2483 1229 2552 genere
1247 2482 1319 2528 ma·

233 2673 297 2738 irim,
308 2675 340 2726 R.
363 2673 398 2726 iri
406 2674 440 2738 in,
452 2691 475 2726 a.
498 2675 553 2739 irin,
565 2672 638 2742 dssr.
657 2717 689 2727 ..
703 2673 810 2742 ylliricis,
821 2689 845 2728 a.
863 2716 895 2728 ..
913 2691 977 2740 narn,
988 2677 1034 2727 ad.
1052 2674 1130 2738 edum,
1141 2673 1174 2726 R.
1192 2712 1222 2724 ..
1240 2669 1320 2720 vinum

199 2749 230 2805 et,
242 2745 287 2794 ad.
310 2743 388 2793 uinum
400 2743 472 2794 etiarn
484 2752 514 2808 et,
525 2747 558 2796 R.
575 2786 608 2795 ..
631 2743 807 2810 intelleguntur,
818 2745 922 2796 RTaa
944 2742 1113 2808 intelliguntur,
1125 2738 1147 2806 β
1150 2757 1175 2808 r.

234 2813 303 2874 §lo
317 2811 415 2876 sumus,
431 2830 451 2864 r.
471 2853 503 2862 ..
521 2829 618 2878 mopnro
632 2811 763 2877 appellunt,
776 2815 800 2862 d.
822 2828 913 2877 magno
923 2811 1052 2877 appeliant,
1065 2808 1115 2874 κβ.
1137 2825 1226 2875 rnnqna
1236 2804 1320 2872 uwel·

201 2876 259 2929 lant
281 2878 385 2943 Muprnu
396 2879 527 2945 appellant,
538 2881 571 2932 R.
593 2889 716 2946 moymaro
727 2878 858 2945 appellant,
869 2896 889 2931 r.
912 2920 944 2930 ..
966 2895 1032 2928 omne
1040 2878 1221 2943 potentr‘ssirnor,
1231 2877 1264 2927 R.
1287 2914 1320 2925 -

199 2945 294 3010 optime,
311 2948 365 2999 Rd.
391 2948 488 3012 optimo,
509 2941 587 3001 Ora
610 2990 642 2999 ..
665 2947 828 3010 diuturnitate,
844 2949 889 2999 ad.
912 2988 945 2998 ..
972 2946 1110 3009 mudantur,
1129 2946 1242 2998 chifflet.
1259 2943 1320 2993 coll.

200 3014 333 3080 Theophr.
347 3017 378 3066 de
390 3018 460 3068 odor.
472 3019 487 3082 5
500 3023 541 3068 41.
564 3024 701 3080 mquuntur,
719 3012 840 3081 Radssr.
864 3015 983 3066 Ceterum
998 3016 1081 3079 magis
1097 3015 1174 3064 ctiam
1189 3012 1322 3079 probanda

200 3098 277 3146 quam
284 3083 405 3135 chiffletii
417 3086 561 3136 emendatio
571 3099 675 3149 prorsus
685 3085 827 3135 necessaria
836 3085 937 3134 videtur
946 3083 1011 3133 mihi
1023 3097 1176 3133 essenorum
1188 3079 1321 3138 sententia,

200 3151 251 3214 qui,
268 3159 297 3202 ut
312 3153 401 3203 Dulce.
417 3153 502 3214 refert,
517 3160 649 3215 coquuntur
663 3159 687 3200 et
702 3151 833 3201 conduntur
847 3151 985 3214 legendum
1001 3164 1056 3201 csso
1077 3150 1176 3210 dicunt,
1201 3148 1270 3210 quod
1287 3161 1322 3196 cx

200 3219 375 3283 Theophrasti
385 3221 451 3270 locis
462 3220 529 3269 inter
540 3235 568 3270 se
579 3220 681 3270 collatis
692 3220 785 3282 prodit.
797 3260 829 3269 -
842 3217 981 3283 duplicibus,
993 3218 1097 3270 Cornan
1107 3216 1141 3264 ad
1150 3215 1239 3266 Galen.
1249 3228 1321 3260 ccm-

200 3299 254 3348 pos.
272 3289 339 3338 mod.
359 3302 409 3338 seo.
426 3287 485 3336 loca
495 3301 521 3350 p.
534 3292 592 3337 425.
619 3288 654 3337 V.
666 3287 785 3337 Schneid.
796 3289 830 3337 ad
840 3286 971 3351 Theophr.
989 3288 1020 3336 da
1035 3286 1104 3335 odor.
1117 3288 1157 3332 22.
1169 3297 1194 3345 p.
1208 3285 1264 3330 655.
1277 3284 1320 3330 40.

199 3367 225 3416 p.
240 3359 297 3403 665.
316 3394 348 3403 -
366 3352 445 3402 calore
456 3353 574 3414 alliciatur,
586 3355 620 3404 K.
637 3352 701 3402 color
712 3353 814 3415 vitietur,
825 3369 845 3404 r.
1291 3410 1294 3415 ,

234 3422 303 3485 520.
322 3419 394 3483 imus,
406 3437 429 3471 a.
448 3462 480 3471 ..
498 3419 534 3470 ud
548 3419 661 3482 medan,
679 3423 725 3472 ad.
751 3418 841 3470 addae
858 3419 918 3483 dem,
934 3421 966 3472 R.
984 3462 1016 3472 ..
1034 3425 1120 3480 conten
1134 3418 1167 3469 R.
1185 3457 1218 3467 ..
1233 3431 1322 3479 proro-

199 3495 268 3552 pant,
279 3490 345 3540 Rad
357 3487 443 3551 (codd.
457 3487 529 3553 Get.)
543 3488 697 3555 prolongant,
708 3507 728 3541 r.
741 3530 773 3541 -
785 3487 857 3553 berb,
868 3492 965 3541 Ferrar.
977 3491 1050 3540 elect.
1062 3494 1087 3548 2,
1096 3493 1120 3538 3.
1133 3527 1165 3537 ..
1179 3490 1322 3545 nauseante,

201 3557 240 3606 ad
251 3553 340 3619 (codd.
353 3554 424 3621 Gal.)
445 3564 573 3620 transeunt,
584 3558 618 3609 R.
641 3565 806 3620 transeuntem,
817 3574 838 3608 r.
856 3597 889 3608 ..
898 3557 996 3621 semina
1007 3562 1148 3621 stupentes,
1159 3554 1225 3605 Rad
1236 3550 1322 3614 (codd.

202 3622 272 3689 (iel.)
290 3625 409 3686 ferninum
422 3634 447 3676 et
458 3633 572 3690 agentem,
583 3642 605 3676 r.
621 3666 654 3676 ..
675 3624 797 3688 excedunt,
809 3642 829 3676 r.
848 3666 880 3675 ..
902 3623 1129 3690 qnadrinqenos,R.
1156 3619 1322 3685 quadripertita

201 3693 232 3742 T.
255 3691 429 3758 quadragenos,
449 3687 542 3758 Bady.
561 3734 594 3743 -
616 3692 697 3755 Tanti,
713 3695 766 3744 Rd.
794 3693 904 3754 Tantum,
920 3708 961 3742 ar.
981 3733 1013 3743 ..
1029 3689 1113 3753 sentit3
1130 3696 1215 3750 tumen,
1227 3688 1262 3736 ita
1273 3699 1322 3735 nos

201 3762 354 3826 scripsimus.
382 3761 595 3821 sentsitanmli..
614 3760 850 3824 feeit.sitnrnen,a.
876 3758 1075 3822 aentitaitarneu,
1087 3759 1119 3808 T.
1145 3755 1189 3806 sed
1204 3762 1288 3814 tamon,
1299 3769 1321 3803 r.

200 3828 285 3888 senam
296 3827 346 3890 aed,
358 3825 430 3893 ᾶβγ.
449 3869 481 3878 ..
499 3826 640 3892 differentia,
652 3828 684 3878 R.
702 3869 734 3878 -
751 3828 806 3885 sint,
817 3829 849 3878 R.
867 3834 929 3888 sunt,
941 3823 1035 3891 adssr.

236 3893 303 3953 521.
326 3911 376 3944 ease
391 3911 467 3960 quoe3
483 3910 529 3959 pro
545 3896 586 3946 his
602 3911 642 3946 vv.
660 3898 706 3946 dat
720 3912 782 3959 quoe
793 3897 826 3957 R,
845 3893 898 3957 tia,
915 3895 940 3943 in
957 3896 981 3944 d.
1005 3934 1036 3944 ..
1060 3901 1162 3956 terrcm3
1178 3907 1202 3940 r.
1222 3893 1262 3949 17,
1279 3894 1323 3938 38.

201 3975 289 4022 mam,
305 3963 420 4027 Scaliger
436 3965 463 4014 in
475 3962 609 4028 scaligeri.
621 3978 646 4028 p.
661 3969 718 4014 110.
731 3971 757 4013 et
769 3963 877 4014 Salmas.
890 3977 973 4013 exerc.
984 3977 1010 4027 p.
1025 3965 1081 4013 749.
1094 3978 1117 4011 a.
1130 3963 1162 4011 B.
1187 3958 1268 4023 Apud
1280 3955 1323 4007 Oi-

201 4040 251 4076 cer.
262 4030 293 4078 do
302 4041 366 4080 orat.
379 4031 428 4080 111.
442 4037 483 4093 25,
496 4036 536 4080 99.
554 4032 629 4081 multi
638 4032 713 4081 codd.
724 4046 803 4079 aeram
811 4032 915 4091 habent,
923 4031 995 4093 quod
1002 4030 1122 4080 nonnulli
1131 4031 1240 4092 interpp.
1252 4037 1324 4090 pruc-

202 4094 327 4159 talcruntr
344 4101 412 4161 apud
423 4100 490 4150 Plin.
503 4112 605 4163 quoquo
617 4105 658 4160 86,
672 4104 728 4150 142.
747 4105 813 4148 terra
823 4106 851 4149 et
861 4112 917 4147 cern
927 4096 1125 4148 confunduntur.
1138 4137 1169 4146 -
1181 4109 1262 4160 quon,
1273 4106 1323 4142 om.

203 4163 234 4216 R.
253 4204 285 4214 ..
303 4163 407 4229 apiani,
423 4167 468 4219 ad.
491 4164 596 4231 sopiunt,
614 4159 643 4214 θ.
658 4165 767 4228 suenni,
784 4166 814 4216 R.
835 4206 866 4219 ..
884 4162 956 4227 vina,
972 4164 1005 4216 R.
1025 4204 1055 4214 ..
1074 4162 1184 4230 anan,
1202 4166 1227 4216 R
1238 4160 1324 4224 (codd.
