2896 4800
124 110 187 175 424
428 165 432 174 .
473 129 677 176 unrunnms
699 129 893 181 rusrouma

124 280 361 368 prospectantia
368 306 378 358 3
415 303 488 346 nam
509 280 649 349 Falerno
678 282 876 348 contermina
897 278 1032 349 Statana
1059 284 1102 348 ad
1122 285 1247 370 princi„
1262 307 1295 351 aa

123 394 220 471 patus
242 405 359 450 venere
380 405 444 448 non
466 382 563 449 dubie
577 384 748 470 palamque
762 383 868 450 fecere
883 405 942 448 sua
955 383 1136 469 quibusque
1152 387 1248 453 terris

125 497 269 571 tempora
290 506 372 562 esse,
394 486 477 550 deut
498 507 606 550 rerum
626 496 803 573 proventus
823 507 1031 572 occasusque.
1058 485 1175 561 Iuncta
1195 487 1247 557 his
1305 548 1308 553 ,

123 588 279 674 praeponi
300 586 447 652 solebant
469 583 590 652 Calena
611 597 644 653 et
663 609 746 672 quae
773 589 807 651 in
836 586 940 653 vineis
960 586 1164 673 arbustisque
1186 613 1246 657 ua„

124 700 257 755 suuntur
282 687 458 767 Fundana3
490 688 553 754 ulia
579 711 619 754 ex
646 688 764 755 vicinia
790 687 879 754 urbis
908 687 1086 768 Veliterna,
1114 689 1247 758 Priver-

122 793 228 868 natia3
264 813 339 855 nam
365 790 453 875 quod
474 786 607 878 Signiae
627 791 780 869 nascitur,
810 791 996 856 austeritate
1021 790 1121 856 nimia
1142 793 1246 858 conti..

122 894 247 961 neudae
274 892 353 959 utile
380 893 468 970 alvo,
494 891 580 964 inter
606 891 817 957 medicamina
843 902 1039 958 numeratur.
1082 891 1247 974 Quartum
1260 913 1294 958 oe

123 996 318 1062 curriculum
340 993 479 1080 publicis
501 994 604 1079 epulis
626 993 791 1080 optinuere
812 1015 832 1057 a
853 992 929 1058 divo
949 992 1032 1059 Iulio
1046 1047 1088 1058 ...
1109 995 1139 1063 is
1161 996 1247 1063 enim

123 1097 248 1185 primus
270 1094 491 1161 auctoritatem
512 1094 563 1160 his
585 1094 707 1172 tribuit,
733 1103 770 1158 ut
790 1094 936 1180 epistulis
958 1094 1028 1162 eius
1048 1095 1183 1181 adparet
1202 1151 1248 1165 .-

123 1197 319 1262 Mamertina
346 1195 432 1260 circa
452 1193 639 1260 Messanam
666 1195 701 1260 in
722 1192 834 1260 Sicilia
855 1196 979 1282 genita3
1008 1219 1050 1262 ex
1069 1196 1120 1262 his
1141 1196 1247 1264 Potu-

123 1299 198 1364 lana
229 1297 270 1364 ab
305 1307 433 1362 auctore
467 1297 554 1363 dicta
578 1297 614 1361 in
644 1298 715 1362 loeo
746 1319 903 1382 proxumo
930 1296 1041 1363 Italiae
1073 1298 1249 1366 laudantur

124 1399 310 1486 praecipue.
346 1397 407 1462 Est
432 1397 467 1462 in
496 1397 609 1464 eadem
634 1394 746 1463 Sicilia
772 1408 806 1463 et
826 1398 1105 1466 Tauromenitanis
1131 1400 1247 1480 honos,

124 1501 251 1588 lagenis
272 1520 332 1585 pro
353 1497 548 1566 Mamertino
569 1498 758 1585 plerumque
780 1498 927 1566 subditis.
959 1500 1012 1565 Ex
1033 1501 1165 1586 reliquis
1186 1525 1248 1568 au·
1260 1519 1299 1566 er

127 1614 192 1667 tem
213 1625 233 1665 a
255 1622 373 1687 supero
392 1601 473 1666 mari
486 1600 654 1667 Praetutia
676 1610 773 1687 atque
786 1601 923 1668 Ancona
936 1603 1102 1678 nascentia
1115 1614 1148 1670 et
1161 1626 1247 1689 quae

126 1728 146 1770 a
167 1703 273 1791 palma
294 1726 361 1769 una
382 1703 466 1770 forte
488 1713 581 1769 enata
601 1703 778 1790 palmensia
798 1704 1011 1790 appellavere,
1038 1704 1073 1769 in
1093 1704 1246 1771 mediter-

100 1829 223 1899 ¹raneo
251 1830 327 1873 vero
350 1804 543 1873 Caesenatia
569 1826 608 1871 ao
627 1803 885 1883 Maecenatiana,
912 1805 946 1869 in
967 1805 1148 1873 Veronensi
1167 1806 1248 1872 item
1299 1859 1301 1862 Α

125 1910 258 1976 Raetica
271 1908 421 1976 Falernis
443 1917 568 1973 tantum
589 1906 730 1993 postlata
751 1906 941 1995 aVergilio,
963 1930 1039 1973 mox
1058 1907 1101 1975 ab
1120 1907 1248 1975 intumo

126 2012 200 2077 sinu
227 2011 326 2077 maris
347 2009 524 2087 Hadriana,
553 2007 595 2073 ab
623 2008 725 2073 infero
751 2018 860 2074 autem
885 2007 1097 2087 Latiniensia,
1126 2007 1246 2075 Gravi-2

126 2136 233 2194 scana,
257 2110 492 2190 Statoniensia;
515 2107 668 2175 Etruriae
682 2109 779 2175 Luna
799 2111 939 2196 palmam
959 2109 1068 2188 habet,
1088 2109 1247 2197 Liguriae

127 2212 252 2281 Genua.
285 2211 598 2298 InterPyrenaeum
620 2210 781 2297 Alpisque
801 2210 950 2276 Massilia
970 2211 1099 2297 gemino
1122 2229 1292 2300 saporare

125 2316 253 2400 quando
276 2325 308 2383 et
329 2314 515 2381 condiendis
537 2313 608 2378 aliis
629 2312 794 2400 pinguius,
824 2312 930 2401 gignit
955 2313 1043 2397 quod
1068 2324 1165 2379 vooat
1191 2337 1247 2380 su·

126 2438 247 2483 cesum.
284 2416 494 2482 Beterrarum
527 2415 612 2480 iutra
639 2413 763 2482 Gallias
798 2414 946 2482 consistit
976 2415 1168 2492 auctoritem
1205 2415 1247 2481 de

125 2518 257 2601 reliquis
277 2519 312 2583 in
332 2516 533 2582 Narbonensi
554 2515 672 2604 genitis
699 2516 890 2583 adseverare
915 2538 982 2581 non
1009 2526 1069 2595 est,
1096 2516 1248 2602 quoniam

127 2617 288 2684 officinam
310 2617 379 2682 eius
400 2617 448 2682 rei
475 2617 580 2683 fecere
609 2616 790 2705 tinguentes
812 2618 900 2684 fumo
920 2617 1108 2704 utinamque
1128 2639 1192 2685 non
1213 2625 1248 2683 et

160 2755 511 2822 §65.priacipatum,1)aleo.
529 2797 560 2808 ..
576 2755 671 2820 facere,
684 2773 707 2807 a.
725 2797 757 2807 ..
781 2755 1080 2822 aseqaodrerum,aed.
1103 2798 1135 2808 ..
1162 2753 1248 2808 Calen-

127 2823 169 2887 aa,
181 2840 204 2875 a.
223 2866 255 2876 ..
279 2823 435 2888 ramma,
447 2837 470 2877 a.
493 2866 525 2876 ..
548 2823 748 2887 almaviaiuio,
764 2817 845 2876 OTd.
869 2841 899 2875 ea
914 2823 966 2883 alsia
983 2841 1013 2874 aa
1028 2824 1125 2888 ausa,
1137 2840 1181 2876 ac.
1202 2821 1247 2873 Ea

126 2890 315 2956 alioviana,ss.
340 2936 371 2944 ..
401 2893 532 2956 Veliterno,
544 2894 617 2945 Tcd.
651 2883 815 2963 Vditesslssa.
849 2887 1068 2960 Veliteminu,fl7.
1092 2933 1124 2943 ..
1146 2890 1247 2942 Bicer-

126 2961 202 3023 nots'o,
215 2964 309 3014 Tacd.
326 2962 535 3026 fflvemauaque,
545 2958 568 3024 β
572 2976 598 3028 γ.

161 3033 228 3094 §aa
247 3031 359 3096 optinere,
371 3048 394 3082 a.
417 3032 529 3092 obtenere,
542 3046 564 3080 c.
586 3028 696 3092 obtinere,
709 3031 733 3080 d.
752 3068 784 3081 -
808 3037 840 3092 ut,
853 3031 918 3080 aad.
941 3028 1010 3090 utin,
1022 3024 1092 3094 rssr.
1110 3068 1142 3079 ..
1165 3025 1249 3095 epuli,

127 3113 147 3148 r.
166 3138 198 3148 ...
220 3097 404 3162 Mommartinu,
417 3115 438 3149 c.
456 3140 489 3149 ...
512 3097 714 3158 εἰνοωηοα,ηοᾱ.
733 3138 765 3148 ..
787 3096 972 3159 Asessauumd.
995 3095 1190 3158 Masinissaque.
1214 3136 1248 3146 -

127 3164 254 3227 laced.
276 3166 319 3230 iis,
331 3162 382 3232 βγ.
406 3207 438 3216 ..
465 3165 573 3215 distein
591 3164 687 3226 locas.
711 3163 750 3214 die
765 3163 918 3226 illocomiue,
932 3179 954 3214 c.
977 3162 1043 3213 dicta
1054 3162 1095 3213 illo
1106 3161 1249 3226 coquomiue,

128 3235 183 3284 Td.
206 3235 347 3298 Vulgatam
362 3235 418 3284 'esse
433 3235 613 3298 interpolatam
630 3235 723 3283 docent
741 3234 858 3283 codicum
874 3234 1020 3296 scripturae,
1037 3244 1120 3293 neque
1135 3229 1249 3286 multum

128 3302 206 3360 abest,
222 3302 284 3365 quin
301 3300 366 3350 duta
382 3300 407 3349 in
419 3299 469 3349 looo
480 3300 612 3364 coquomine
623 3302 760 3363 legendnm
771 3315 826 3351 esse
838 3315 962 3361 censeam,
978 3308 1009 3350 ut
1016 3299 1125 3350 Patulus
1141 3296 1249 3359 quidam

128 3375 154 3418 et
165 3368 225 3416 vino
237 3376 264 3417 et
273 3384 319 3432 per
330 3369 393 3417 illud
405 3369 465 3418 loco
477 3383 571 3417 nomeu
582 3369 686 3418 dederit
705 3367 755 3418 Sed
767 3383 826 3417 eum
836 3369 902 3418 nihil
911 3370 942 3417 de
950 3369 997 3419 illo
1006 3367 1108 3418 homins
1116 3365 1158 3414 vel
1168 3364 1249 3414 heros

127 3436 246 3496 sciamus,
264 3437 326 3485 certi
336 3437 432 3498 aliquid
447 3435 559 3499 prolerre
575 3450 628 3485 uon
638 3437 706 3485 licet.
728 3436 771 3485 Ab
785 3436 921 3487 Athenaeo
935 3443 957 3486 1.
969 3452 994 3500 p.
1007 3437 1047 3486 2⁷.
1058 3435 1093 3487 I).
1105 3421 1249 3490 οϊνοςἼω·

129 3499 238 3561 τάλινος
254 3504 353 3554 dicitnr.
378 3540 409 3553 ...
434 3502 560 3567 proxima,
578 3507 635 3553 ac'·'.
657 3503 779 3566 pnoximc,
797 3505 885 3555 To¹d
918 3504 1022 3565 Quodsi
1035 3502 1180 3553 coniectura
1191 3514 1251 3550 mea

129 3573 208 3621 modo
220 3573 323 3636 prolata
333 3588 393 3622 vera
404 3573 442 3634 sit,
460 3573 529 3636 prior
546 3572 637 3622 harum
652 3572 793 3623 lectionum
808 3573 962 3622 restituenda
979 3573 1034 3622 erit.
1056 3611 1089 3621 ..
1120 3569 1250 3620 Taurome-

129 3639 225 3701 nitanis,
238 3654 273 3689 ac
278 3635 300 3701 β
305 3653 330 3704 71.
352 3639 563 3700 Tauromiaitum's,
575 3642 600 3690 d.
617 3680 649 3688 ..
667 3638 748 3700 bonor,
761 3642 785 3689 d.
1076 3679 1077 3682 ,
1224 3637 1226 3641 ¹

164 3706 232 3768 §67.
250 3707 320 3768 mari,
333 3723 383 3766 om.
400 3700 429 3758 θ.
449 3747 480 3756 -
497 3705 629 3767 Polemio,
641 3701 670 3770 β,
689 3745 721 3757 -
738 3705 897 3772 appellavere,
913 3699 1031 3759 OTacd.
1048 3703 1207 3770 appellantur,
1218 3697 1249 3764 β.

132 3814 163 3824 ..
184 3772 329 3838 Cesenatica,
340 3776 429 3839 Amba.
442 3775 464 3825 1.
482 3815 514 3824 ..
544 3774 687 3837 Vareniana,
698 3777 775 3827 acu2.
794 3816 826 3824 -
849 3775 903 3825 item
915 3773 1028 3836 Raetico,
1041 3790 1092 3824 om.
1105 3789 1126 3825 c.
1146 3809 1177 3822 ..
1196 3777 1250 3818 lan·

131 3848 187 3899 tum,
200 3858 250 3893 om.
260 3858 281 3892 c.
304 3884 336 3892 ..
355 3841 471 3906 postlata,
483 3843 599 3893 Oudend.
612 3845 644 3892 ad
657 3842 726 3893 Suet
738 3843 806 3906 Aug.
818 3847 858 3894 77.
876 3843 1035 3894 Confirmant
1046 3843 1100 3891 Td.
1118 3835 1251 3904 postulatu,

131 3923 167 3957 ae
178 3905 302 3974 (quinque
314 3912 388 3961 codd.
401 3909 531 3972 Oudend.)
550 3908 696 3973 posthabita,
708 3905 759 3975 βγ.
782 3951 814 3961 ..
843 3909 955 3975 Verpilio,
967 3925 1055 3974 georg.
1068 3917 1092 3969 2,
1106 3915 1146 3959 95.
1165 3946 1197 3956 .-
1219 3906 1252 3954 ab

132 3972 220 4037 intimo,
232 3979 256 4026 d.
275 3977 369 4040 atomo,
382 3982 403 4028 c)
422 3977 548 4042 optimas.
567 4019 599 4028 ..
616 3976 730 4040 Adriani,
740 3995 762 4028 a.
780 3977 917 4040 Adriatico,
930 3995 949 4028 r.
967 4018 999 4027 ..
1017 3975 1170 4037 Latiueusio,
1182 3992 1205 4025 a.
1218 4014 1251 4024 .-

96 4096 98 4102 ,
134 4039 274 4092 aeaeae
285 4043 435 4108 Stenieruia,
454 4039 574 4096 OTacd.
594 4086 625 4095 -
648 4044 723 4096 Luna
732 4043 850 4111 palmum,
867 4049 891 4098 d.
915 4045 1013 4096 Lunam
1021 4044 1139 4109 palmam,
1152 4059 1173 4093 c.
1193 4039 1252 4107 pol-

132 4124 196 4158 mam
206 4106 368 4177 Lunaassr.
737 4124 746 4140 ⁰
