2896 4800
404 280 476 327 urs.
492 280 542 328 xi.
572 276 651 326 oar.
667 277 787 324 11..1v.
819 274 917 324 sacr.
934 277 999 322 1-a.
1195 259 1257 324 255

140 437 261 524 spirare
294 432 363 500 sine
395 428 586 507 umoribus,
615 429 705 514 quod
737 427 833 494 etiam
859 427 893 492 in
921 424 1053 490 marinis
1079 426 1257 506 docuimus,

139 536 284 623 quamvis
306 542 435 598 arcente
458 531 614 618 spiratum
635 529 792 598 densitate
807 539 840 595 et
854 525 1023 594 altitudine
1036 527 1166 592 umoris.
1187 526 1285 594 Vo·r

137 639 203 704 lare
228 636 358 721 quidem
380 633 540 719 aliquast
561 631 704 697 animatu
725 652 833 697 carcre
861 628 988 714 inipso
1010 626 1125 714 spiritu
1145 628 1257 695 viven-

139 739 193 817 tia,
221 737 341 803 habere
363 755 494 800 sensum
515 732 629 810 victus,
657 729 888 819 generationis,
917 727 1023 815 operis
1045 738 1142 813 atque
1163 729 1259 796 etiam

139 840 180 905 de
209 839 318 905 futuro
340 857 460 914 curam,
492 844 525 899 et
545 834 693 920 quamvis
719 854 784 899 non
811 832 875 896 sint
894 827 1039 895 membra
1066 849 1149 914 quae
1170 830 1260 896 velut

139 940 248 1007 carina
276 959 390 1004 sensus
417 936 580 1014 invehant,
609 956 679 1000 esse
705 945 817 999 ¹tamen
836 931 887 997 his
908 931 1064 1010 auditum,
1093 931 1258 1011 olfactum,

139 1049 315 1129 gustatum,
331 1037 450 1104 eximia
463 1047 629 1124 praeterea
643 1045 777 1101 naturae
791 1034 887 1113 dona,
902 1033 1086 1111 sollertiam,
1106 1032 1259 1113 animum,

139 1154 252 1222 artem,
276 1141 350 1226 quis
364 1134 458 1204 facile
477 1137 668 1203 crediderit?
690 1134 891 1224 Sanguinem
908 1157 972 1201 non
994 1155 1065 1200 esse
1077 1133 1130 1199 his
1145 1135 1288 1215 latrone

140 1245 286 1310 sicutne
309 1238 516 1306 terrestribus
537 1238 666 1323 quidem
689 1238 824 1317 cunctis,
846 1258 960 1303 verum
981 1235 1083 1302 simile
1096 1234 1259 1319 quiddam.

139 1341 188 1408 Ut
220 1342 348 1427 saepiae
379 1341 414 1405 in
445 1339 526 1404 mari
558 1338 724 1426 eangrdnis
755 1338 859 1405 vicem
887 1347 1098 1403 atramentum
1125 1337 1259 1423 optinet,

139 1463 358 1531 pmpurarum
385 1442 498 1530 generi
525 1442 660 1507 infector
680 1440 735 1506 ille
757 1461 866 1519 sucus,
893 1441 941 1505 sic
962 1449 995 1506 et
1015 1439 1148 1506 inseetis
1170 1440 1259 1525 qnis-

139 1545 213 1631 quis
240 1553 291 1610 est
315 1543 422 1609 vitalis
449 1564 551 1621 umor,
585 1541 637 1608 hic
664 1541 725 1606 erit
752 1541 894 1628 sanguis.
931 1540 1046 1606 Donec
1072 1542 1261 1607 aestumatio

140 1669 199 1712 sua
220 1645 335 1729 cuique
357 1645 409 1723 sit,
435 1644 528 1711 nobis
548 1644 750 1730 propositum
771 1654 822 1709 est
839 1653 970 1708 naturas
996 1665 1103 1708 rerum
1123 1643 1260 1709 manife-

142 1755 208 1811 stas
228 1745 382 1825 indicare,
403 1767 469 1812 non
490 1768 604 1812 causas
625 1745 768 1811 iudicare
789 1743 916 1810 dubias.

181 1844 243 1912 IV.
271 1848 302 1912 3.
328 1847 474 1926 Insecta,
505 1857 544 1912 ut
568 1846 713 1934 intellegi
739 1845 852 1934 possit,
878 1867 943 1911 non
968 1844 1121 1910 videntur
1145 1863 1289 1911 nervoso

139 1945 267 2026 babere,
289 1969 350 2013 nec
369 1970 453 2027 ossa,
475 1971 535 2014 nec
557 1947 678 2034 spinas,
700 1968 761 2013 nec
782 1946 1013 2034 cartilaginem,
1034 1968 1095 2011 nec
1115 1946 1260 2033 pinguia,

139 2070 200 2114 nec
226 2049 342 2128 carnis,
374 2071 415 2115 ne
442 2060 583 2116 crustam
610 2048 741 2134 quidem
768 2045 916 2134 fragilem
941 2058 980 2112 ut
1006 2048 1164 2132 quaedam
1191 2070 1261 2112 ma·

140 2147 222 2228 rina,
244 2171 305 2216 nec
325 2171 409 2233 quae
430 2150 502 2216 iure
523 2151 648 2214 dicatur
668 2149 764 2227 cutis,
786 2150 845 2216 sed
858 2150 983 2216 mediae
998 2149 1166 2215 cuiusdam
1177 2150 1263 2216 inter

141 2249 249 2313 omnia
276 2249 356 2315 haec
383 2259 518 2315 naturae
540 2270 655 2335 corpus
677 2250 780 2315 arenti
802 2249 916 2329 simile,
944 2272 1045 2315 nervo
1065 2251 1202 2330 mollius,
1228 2251 1263 2316 in

141 2349 274 2435 reliquis
294 2349 442 2437 partibus
463 2351 566 2417 tutius
586 2372 661 2418 vere
684 2373 780 2435 quam
801 2351 923 2418 durius.
944 2351 991 2417 Et
1011 2352 1072 2418 hoc
1095 2354 1197 2419 solum
1211 2352 1262 2418 his

142 2460 201 2529 est,
234 2473 294 2517 nec
314 2461 481 2539 praeterea
506 2451 594 2519 aliud
601 2477 611 2531 3
644 2451 724 2518 nihil
750 2452 838 2519 intus
864 2453 928 2520 nisi
955 2453 1129 2520 admodum
1149 2454 1263 2542 paucis

141 2551 328 2618 intestinum
349 2553 547 2640 inplicatam.
568 2554 685 2641 Itaque
706 2555 838 2622 divolsis
856 2557 1033 2644 praecipua
1052 2557 1208 2624 vivacitas
1229 2565 1262 2624 et
1276 2570 1307 2616 1⁰

140 2653 281 2738 partium
307 2655 506 2743 singularum
531 2656 714 2744 palpitatio,
747 2657 823 2743 quia
851 2677 1073 2744 quaecumque
1103 2669 1152 2725 est
1179 2659 1262 2725 ratio

140 2755 256 2837 vitalis,
287 2756 343 2824 illa
370 2780 435 2825 non
462 2759 558 2826 certis
582 2760 667 2826 inest
691 2759 846 2826 membris
875 2760 935 2827 sed
962 2769 1027 2828 toto
1053 2760 1088 2825 in
1116 2782 1278 2846 corpore,-

140 2860 282 2927 minume
304 2871 410 2927 tamen
431 2862 553 2948 capite,
581 2863 749 2945 solumque
769 2883 835 2926 non
856 2871 1004 2928 movetur
1024 2860 1086 2927 nisi
1107 2884 1180 2928 cum
1201 2885 1261 2950 pe-

140 2970 227 3025 ctore
248 2960 404 3027 avolsum.
435 2961 475 3026 In
496 2961 584 3026 nullo
605 2983 723 3049 genere
742 2961 852 3046 plures
867 2972 941 3027 sunt
954 2961 1066 3047 pedes,
1089 2973 1121 3026 et
1143 2963 1262 3048 quibus

142 3079 184 3124 ex
209 3059 259 3124 his
286 3060 437 3145 plurumi,
470 3061 591 3126 diutius
619 3061 729 3126 vivont
755 3060 888 3139 divolsa,
920 3071 957 3125 ut
984 3061 1018 3125 in
1046 3062 1262 3149 scolopendris

141 3157 297 3225 videmus.
319 3159 451 3226 Habent
472 3171 581 3227 autem
602 3159 713 3226 oculos
733 3170 925 3247 praeterque
945 3161 1126 3228 oeensibus
1140 3173 1263 3230 tactum

142 3266 237 3343 atque
258 3268 433 3346 gustatum,
455 3261 562 3347 aliqua
584 3271 617 3328 et
637 3260 814 3342 odoratum,
835 3284 941 3350 pauca
963 3273 995 3330 et
1016 3263 1170 3330 auditum.

174 3436 225 3498 §a
247 3433 284 3484 lb
299 3451 361 3499 asse,
378 3438 402 3486 d.
424 3478 456 3488 -
478 3453 564 3503 apum,
579 3433 609 3501 β.
632 3478 664 3488 ..
686 3435 815 3501 alume.
832 3439 890 3491 Hac
902 3455 935 3491 ex
946 3442 1019 3493 codd.
1031 3441 1155 3505 scriptura
1166 3441 1261 3505 colligo

140 3500 252 3577 Plinium
263 3510 286 3550 et
296 3520 357 3565 qnae
369 3502 420 3552 alic
432 3506 568 3570 scripsisse.
591 3547 623 3557 ..
645 3504 711 3570 mali,
723 3523 773 3558 om.
785 3524 805 3559 r.
829 3549 861 3559 ..
885 3524 976 3573 semper
986 3508 1069 3571 suant,
1081 3509 1153 3561 Tdr.
1169 3525 1196 3557 aa
1202 3525 1260 3573 per-

140 3564 318 3632 sonnaRssr.
344 3610 376 3620 -
402 3572 556 3636 nonpossint,
569 3575 594 3623 d.
621 3615 654 3624 ...
680 3583 709 3636 ct,
722 3590 773 3626 om.
786 3578 809 3626 d.
826 3577 908 3626 Varia
923 3578 950 3628 in
965 3578 1007 3629 his
1018 3578 1200 3628 maternales.
1228 3617 1260 3627 .-

141 3630 261 3682 docuimue
273 3640 296 3696 9,
309 3639 416 3688 lc-lo.
434 3679 467 3689 ..
485 3639 610 3702 spiratum,
621 3641 720 3693 RTdr.
736 3641 854 3705 spiritam,
865 3637 895 3704 β

175 3699 189 3761 5
204 3704 226 3752 7.
244 3708 267 3749 at
277 3699 302 3749 in
313 3701 372 3765 ἰρεο,
386 3697 414 3752 θ.
431 3704 482 3753 sinc
493 3705 552 3768 apso,
563 3708 652 3758 Dalec.
671 3747 703 3757 ..
720 3714 821 3772 pastum,
834 3710 889 3759 Td.

175 3771 226 3833 §⁸-
252 3765 328 3817 simile
339 3767 460 3833 quiddam,
471 3772 576 3823 Barbar.
602 3772 877 3837 similenqnidsnltd.
904 3816 937 3825 ...
962 3775 1081 3841 sepiam
1099 3818 1131 3828 -
1158 3777 1259 3840 vienn.

140 3835 198 3899 aira,
210 3838 247 3887 dt
265 3828 495 3899 viras,1t88'l'd².
513 3839 581 3898 vica,
592 3839 697 3890 Barbar.
720 3881 752 3891 ..
778 3840 889 3904 obtinent,
900 3845 953 3894 Rd.
971 3883 1003 3892 ..
1022 3843 1126 3908 insectis;
1138 3860 1184 3909 pro
1196 3847 1222 3896 h.
1234 3862 1258 3896 r.
1285 3851 1288 3856 '

139 3905 237 3955 babent
253 3904 353 3967 infectus
367 3907 421 3956 Rd.
439 3945 471 3956 ..
494 3905 616 3969 ariasto.
638 3907 684 3957 erit
694 3915 728 3969 ct,
739 3903 791 3972 βγ.
809 3949 841 3959 ..
857 3908 987 3974 sanguina.
999 3909 1062 3972 Sed,
1073 3914 1107 3963 K.
1125 3953 1157 3962 -
1179 3911 1258 3963 aaa

140 3973 221 4034 natio,
232 3973 284 4024 Rd.
298 4013 330 4022 ..
348 3981 442 4036 namra,
454 3975 486 4024 R.
504 4015 536 4024 ..
554 3972 660 4024 boloma
671 3973 763 4036 dubias,
775 3976 807 4026 R.
825 3974 910 4025 dubias
921 3975 1046 4042 indagare,
1058 3980 1112 4031 To.

174 4041 190 4103 ς
202 4045 226 4090 9.
244 4055 286 4088 nec
298 4048 408 4102 wuston,
419 4044 460 4091 dr.
478 4082 511 4091 -
529 4057 570 4091 nec
582 4058 649 4105 qnae,
661 4043 729 4092 R²d.
747 4057 829 4105 neque,
840 4043 902 4095 R¹r.
921 4086 953 4095 ..
971 4043 1068 4106 dicetur,
1079 4063 1100 4096 r.
1123 4087 1155 4097 ...
1178 4050 1258 4112 totins,

141 4105 187 4156 12².
204 4106 279 4165 ntiae,
289 4109 356 4159 R¹d.
374 4107 464 4171 acan,
473 4105 524 4174 βγ.
542 4107 634 4170 birtine,
646 4110 756 4160 Turneb.
769 4111 825 4161 adv.
840 4116 879 4174 lo,
891 4119 915 4163 4.
929 4153 961 4164 ..
973 4129 1034 4174 vere,
1045 4109 1154 4166 Rern.
1172 4117 1258 4181 verim,

140 4167 170 4234 β.
179 4171 246 4234 sere,
259 4175 369 4226 Tamcb.
386 4216 418 4227 -
436 4175 461 4225 in
472 4176 517 4238 bis,
528 4193 548 4227 r.
566 4217 599 4227 ..
617 4176 750 4227 minanam
762 4176 825 4229 adm.
833 4180 920 4244 poncia
931 4179 1077 4247 replicatum,
1088 4184 1157 4235 Pint.

175 4238 243 4300 51⁰.
261 4249 339 4308 const
349 4257 370 4295 r.
388 4284 420 4296 ..
438 4245 551 4307 eremita.
562 4244 616 4297 Rd.
635 4284 666 4296 ..
684 4247 835 4312 &aemula
892 4249 898 4270 ·’
