2896 4800
400 269 470 315 um.
488 269 562 315 x1v.
592 268 670 317 cue.
686 266 774 316 xxn.
805 263 904 314 sucu.
920 266 952 310 aa
967 267 998 312 aa
1196 250 1260 317 445

140 441 246 488 meros
266 420 387 506 quippe
408 418 559 486 hauriunt
580 419 652 485 talia
674 440 768 485 auooa
793 439 854 483 nee
875 416 1026 485 diluendo
1047 427 1085 483 ut
1102 417 1179 482 vina
1198 418 1259 483 mi-

141 523 254 608 tigant.
300 519 349 587 At
380 520 557 599 Herculea,
589 521 654 588 illio
683 520 778 586 tellus
803 520 915 606 fruges
943 541 1055 605 parere
1082 520 1260 587 videbatur.

140 621 233 700 Heu,
260 621 343 687 mira
363 622 515 688 vitiorum
537 621 690 688 sollertia!
723 622 892 689 inventum
917 631 968 687 eet
994 621 1262 707 quemadmodum
1275 639 1324 684 loo
1405 671 1411 683 ,

140 745 224 807 aqua
250 742 379 807 quoque
404 721 588 790 inebn‘aret.
624 722 702 788 Duo
723 732 798 788 sunt
816 722 959 807 liquores
979 722 1126 789 humanis
1148 745 1260 811 eorpo-

140 823 231 888 ribua
257 822 449 909 gratissimi,
478 823 675 902 intusum,
704 824 785 890 foria
811 824 890 903 olei,
919 823 1071 889 arborum
1096 845 1114 889 e
1141 847 1261 913 genera

141 921 236 990 ambo
264 923 447 1010 praecipui,
476 924 534 990 aed
560 924 622 992 olei
646 925 863 1002 necessarium
895 947 957 991 neo
978 924 1119 1013 segniter
1139 925 1208 992 vita
1227 927 1262 992 in

142 1046 181 1090 eo
203 1023 392 1104 elaboravit3
421 1036 541 1110 quanto
562 1037 669 1091 tamen
694 1025 730 1090 in
750 1035 830 1113 potu
854 1025 1065 1113 ingeniosior,
1093 1027 1262 1114 adparebit

142 1125 184 1190 ad
204 1124 381 1192 bibendum
400 1126 573 1216 generibus
594 1149 762 1204 mxxxxv,
784 1126 813 1192 si
834 1128 960 1213 species
981 1151 1057 1194 vero
1078 1138 1261 1195 aestumen·

142 1236 209 1305 tur,
237 1249 341 1314 paene
367 1227 488 1315 duplici
514 1250 647 1295 numero
675 1229 863 1315 excogitatis
885 1238 1037 1315 tantoque
1056 1229 1262 1317 paucioribus

142 1326 213 1408 olei,
235 1328 277 1394 de
297 1350 362 1413 quo
382 1329 417 1395 in
438 1330 585 1415 sequenti
605 1330 765 1397 volumine
787 1329 942 1398 dicemus.

176 1532 300 1597 Herculea,
308 1538 370 1586 adr.
387 1535 491 1588 Hercule
491 1532 589 1600 ,β-
607 1535 663 1599 illo,
671 1538 705 1588 K.
722 1535 787 1587 solas
798 1536 856 1602 illic,
866 1539 957 1588 Doleo

164 1619 262 1695 ...9150
280 1618 431 1683 mainwaut,
447 1623 543 1671 ad.-
560 1619 700 1671 hamando
754 1621 829 1743 VM
847 1624 891 1672 ad
914 1638 978 1686 corp.
991 1620 1122 1689 domm
1148 1622 1262 1688 ..inqe-

143 1682 320 1750 nioaiorfuarit
333 1686 563 1753 apparebam!
583 1684 690 1741 CLXX
795 1686 986 1754 amcam
1002 1692 1107 1743 Tu-
1103 1637 1161 1756 ria,
1174 1706 1225 1744 om.
1237 1695 1262 1744 d.
