2896 4800
400 287 470 334 aru.
485 287 535 334 nr.
564 286 643 334 cnr.
659 286 802 334 xxxvn.
832 285 929 334 sacr.
945 290 1035 334 55-55.
1215 272 1277 336 223

155 440 273 504 vallum
293 437 456 522 quoddam
478 436 567 503 visus
589 447 623 503 et
644 437 829 523 prominens
848 437 1207 506 munimentum‘contra
1220 464 1276 507 oe-

154 539 316 605 cursantia
342 539 491 603 animalia
517 549 573 604 aut
593 539 656 604 alia
677 539 809 605 fortuito
830 537 1015 605 incidentia.
1046 538 1201 608 Defluere
1222 565 1277 609 eas
1292 560 1339 606 155

153 641 240 706 haud
261 639 409 705 inmerito
429 663 547 706 venere
568 639 808 706 abundantibus
824 641 963 706 tradunt.
986 639 1040 705 Ex
1061 643 1177 707 ceteris
1198 644 1277 710 nulli

154 752 230 807 sunt
251 741 315 807 nisi
337 740 455 825 quibus
471 752 504 807 et
516 740 551 806 in
564 742 837 827 reliquo.oorpore
851 742 926 828 pili3
949 741 1009 806 sed
1022 742 1276 829 quadripedibus
1363 815 1365 818 ,

154 843 187 906 in
209 842 374 928 superiore
397 852 522 909 tantum
543 866 638 930 gena,
667 842 851 909 volucribus
880 843 915 907 in
935 842 1085 909 inferiore
1105 854 1138 909 et
1160 844 1277 928 quibus

155 942 247 1009 molle
276 955 396 1030 tergm,
419 953 456 1009 ut
477 944 690 1031 serpentibus,
720 954 753 1010 et
773 944 1007 1030 quadripedum
1028 966 1110 1029 quae
1136 968 1198 1011 ova
1217 967 1276 1031 pa-

154 1045 250 1123 riunt,
273 1055 309 1109 ut
328 1045 479 1111 lacertae.
502 1043 782 1112 Struthocamelus
796 1046 907 1112 alitum
923 1046 990 1113 sola
1004 1056 1040 1110 ut
1053 1047 1147 1113 homo
1161 1045 1276 1112 utrim-

154 1168 216 1231 que
237 1147 408 1232 palpebras
428 1146 534 1215 habeta

197 1248 248 1313 57.
280 1247 331 1314 Ne
347 1313 350 1320 ,
357 1270 462 1335 genae
496 1249 627 1332 quidem
657 1249 822 1326 omnibus3
855 1248 929 1313 ideo
955 1270 1061 1334 neque
1088 1249 1277 1315 nictationes
1292 1266 1339 1311 155

152 1346 193 1413 iis
221 1370 305 1432 quae
331 1348 450 1413 animal
478 1360 645 1436 generant.
679 1347 855 1415 Graviores
883 1349 995 1414 alitum
1020 1349 1170 1415 inferiore
1192 1373 1278 1437 gena

46 1456 50 1462 “
154 1448 344 1528 connivent3
367 1449 499 1515 eaedem
519 1450 691 1529 nictantur,
714 1450 756 1517 ab
777 1450 905 1538 angulis
921 1448 1114 1515 membrana
1127 1450 1276 1517 obeunte.

155 1548 332 1617 Columbae
354 1561 387 1616 et
409 1550 525 1616 similia
544 1563 681 1637 utraque
703 1552 886 1631 connivent,
909 1562 942 1616 at
963 1551 1179 1638 quadripedes
1193 1575 1277 1637 quae

153 1673 214 1716 ova
234 1653 373 1737 pariunt,
400 1663 437 1717 ut
458 1654 647 1733 testudines,
676 1653 839 1732 crocodili,
869 1652 1021 1719 inferiore
1043 1664 1177 1732 tanturn,
1207 1654 1276 1720 sine

152 1753 218 1818 ulla
238 1754 421 1833 nictatione,
450 1768 582 1842 propter
609 1756 788 1843 praeduros
809 1756 929 1821 oculos.
959 1755 1152 1820 Extremum
1173 1757 1339 1824 ambi-157

153 1865 220 1919 tum
242 1877 345 1941 genae
367 1856 541 1942 superioris
555 1857 680 1940 antiqui
694 1857 802 1922 cilium
816 1878 984 1934 vocavere,
1006 1856 1093 1921 unde
1113 1868 1146 1922 et
1162 1880 1276 1942 super·
1367 1881 1369 1887 ·

154 1956 236 2021 cilia
257 1954 332 2021 Hoc
353 1959 484 2023 volnere
506 1959 613 2042 aliquo
635 1958 802 2025 diductum
822 1978 888 2021 non
909 1957 1067 2035 coalescit,
1090 1967 1128 2021 ut
1146 1957 1180 2020 in
1194 1979 1276 2042 pau-

154 2057 201 2122 cis
221 2056 353 2123 bumani
374 2060 516 2144 corporis
537 2058 700 2124 membris.

195 2160 245 2224 58.
278 2158 368 2223 Infra
394 2162 502 2225 oculos
525 2161 627 2224 malae
648 2159 771 2224 homini
792 2168 927 2238 tantum,
950 2182 1032 2244 quas
1053 2159 1152 2244 prisci
1173 2181 1275 2245 genas

153 2259 320 2337 vocabant,
349 2282 398 2322 xn
421 2259 601 2325 tabularum
627 2259 798 2326 interdicto
825 2260 897 2324 radi
923 2284 943 2325 a
970 2261 1096 2325 feminis
1117 2269 1273 2325 vetantes.

152 2358 291 2424 Pudoris
310 2359 391 2426 baec
412 2361 523 2439 sedes3
547 2361 593 2428 ibi
614 2383 763 2428 maxume
783 2362 964 2427 ostenditur
982 2360 1091 2427 rubor.

195 2460 247 2525 59.
266 2458 371 2525 ,Intra
398 2483 454 2527 eas
479 2462 672 2529 hilaritatem
697 2463 861 2548 risumque
889 2463 1070 2529 indicantes
1094 2463 1214 2529 buccae
1241 2471 1274 2527 et
1289 2476 1336 2522 158

152 2562 244 2627 altior
270 2561 391 2628 homini
417 2573 554 2643 tantum,
589 2585 685 2648 quem
710 2564 787 2631 novi
814 2586 920 2630 mores
947 2565 1101 2635 subdolae
1127 2564 1274 2630 inrisioni

152 2664 310 2743 dicavere,
333 2687 439 2731 nasus.
469 2664 544 2731 Non
563 2665 619 2730 alii
640 2666 826 2732 animalium
846 2689 940 2732 nares
961 2667 1119 2744 eminent3
1148 2666 1272 2744 avibus,
1356 2662 1359 2667 ’

152 2767 367 2852 serpentibus,
388 2767 533 2853 piscibus
553 2768 711 2834 foramina
733 2778 859 2834 tantum
878 2768 921 2832 ad
943 2769 1078 2834 olfactus
1102 2769 1171 2834 sine
1185 2767 1272 2836 nari·

151 2866 221 2934 bns.
243 2866 291 2932 Et
309 2867 385 2933 hinc
401 2869 593 2956 cognomina
607 2866 781 2949 Simorum,
805 2868 960 2937 Silanum
984 2868 1142 2955 Septuma
1163 2891 1273 2936 mense

151 2968 270 3055 genitis
293 2991 521 3055 saepenumero
542 2969 702 3035 foramina
723 2970 849 3035 aurium
871 2981 904 3036 et
924 2971 1049 3035 narium
1070 2973 1210 3037 defiaere.

186 3173 201 3234 i
216 3180 272 3226 155.
290 3173 405 3240 immadm,
416 3177 461 3229 15¹.
480 3220 514 3229 ..
530 3177 597 3238 nulli,
608 3178 662 3229 Ra
680 3175 759 3238 nullm,
770 3177 861 3228 Dalcc.
879 3172 1027 3238 05512.-
1046 3175 1125 3231 Simia
1136 3174 1272 3239 quadrupe·

58 3274 64 3286 .
152 3239 206 3290 dum
221 3239 281 3303 5515,
299 3245 333 3294 Κ.
352 3284 384 3294 ..
407 3244 698 3307 columbam-lacertae,
715 3259 767 3295 non
783 3260 830 3295 suo
846 3245 905 3296 loco
921 3245 1006 3308 posita
1022 3245 1083 3295 dicit
1097 3244 1165 3295 Pint.
1184 3284 1216 3292 -
1238 3243 1271 3304 in,

152 3310 234 3360 omitt.
246 3311 302 3362 Ru.
320 3351 353 3360 ...
370 3311 486 3375 irfferiori,
503 3316 528 3363 d.
546 3354 578 3363 ..
596 3321 630 3374 ut,
642 3313 708 3363 lue.
730 3311 764 3374 iu,
779 3311 824 3362 Bt
843 3352 875 3362 -
893 3309 1080 3376 quadrupedum,
1097 3314 1150 3364 Td.
1169 3352 1201 3360 ..
1223 3309 1271 3358 ali·

152 3384 200 3426 tam
214 3378 335 3442 asperiore
348 3394 428 3442 qma,-
443 3388 471 3429 ct
480 3380 552 3429 sirmia
562 3388 588 3430 at
599 3379 674 3442 domo,
685 3381 754 3432 Pint.
767 3380 827 3429 colL
838 3379 945 3430 Aristot.
957 3388 1020 3445 part
1033 3380 1110 3432 anim.
1123 3383 1148 3441 2,
1161 3383 1201 3430 14.
1214 3379 1270 3431 init.

152 3451 177 3506 4,
191 3446 310 3507 14.,h1'st.
323 3447 400 3497 anim.
413 3453 438 3509 2,
450 3455 475 3498 8.
486 3464 513 3513 p.
527 3454 595 3499 502ι
607 3454 648 3499 sl.
661 3456 688 3498 ot
697 3449 755 3511 ipso
764 3448 851 3499 Plinio
865 3454 905 3509 11,
918 3454 976 3499 246.

185 3513 200 3575 §
214 3517 271 3562 155.
294 3511 342 3575 Ne,
353 3512 391 3564 ita
401 3529 447 3566 nos
459 3516 612 3582 scripsimus.
634 3513 695 3578 Nec,
707 3510 808 3580 Rdssr.
826 3556 858 3566 ..
881 3514 1026 3576 aicmtiones,
1037 3515 1070 3564 R.
1093 3511 1191 3563 5151555
1201 3513 1235 3574 ia,
1246 3515 1271 3562 d.

153 3617 184 3627 -
198 3577 248 3639 ’Μὴ
259 3580 284 3629 d·
301 3620 334 3629 -
352 3579 469 3646 itsferiori,
478 3583 503 3632 d.
521 3623 553 3633 ..
571 3582 685 3645 caricem,
700 3583 726 3635 B
740 3579 875 3646 (semper.)
893 3623 924 3632 ..
943 3582 1041 3631 uictoris
1055 3581 1088 3630 ab
1102 3596 1159 3645 sap.
1175 3579 1270 3629 membr.

152 3652 256 3707 meante,
266 3661 288 3696 5.

185 3714 270 3777 5157.
288 3719 315 3761 ut
325 3712 363 3777 itu
378 3730 426 3779 pro
441 3716 484 3767 his
499 3731 539 3767 vr.
550 3718 647 3769 habent
656 3715 688 3766 Ia
699 3718 752 3777 ud,
764 3723 794 3765 ut
805 3715 949 3765 coniectura
958 3714 1071 3766 Pintiani
1086 3714 1185 3764 nomini
1200 3727 1271 3760 mem·

151 3779 200 3828 bris
215 3781 332 3832 addenda
349 3797 404 3832 esse
421 3781 482 3833 idern
497 3785 610 3849 matiayit
625 3785 666 3834 vel
683 3784 766 3834 simile
777 3783 874 3846 aliquid
889 3797 1012 3846 perquam
1028 3783 1061 3832 sit
1075 3780 1228 3844 probabilisz
1245 3794 1270 3831 r.

64 3851 65 3855 ’
150 3846 427 3911 narratarum.
449 3851 596 3914 machtild.
623 3859 650 3900 ut
660 3867 744 3916 pauca
760 3849 822 3900 dum.
838 3865 902 3914 corp.
918 3850 1030 3909 membro,
1045 3847 1078 3898 Κ.
1098 3887 1129 3897 -
1147 3862 1173 3908 a,
1188 3847 1270 3900 Rue.

150 3915 240 3967 Omitt.
252 3912 298 3978 5β.
310 3958 342 3968 ..
346 3916 457 3981 feminis,
469 3934 521 3970 om.
533 3936 554 3971 r.
571 3920 639 3970 Huic
650 3919 708 3969 voci
719 3918 841 3969 adiiciunt
852 3932 893 3966 eas
903 3912 925 3980 β
929 3930 955 3981 γ,
967 3918 1037 3982 qnod
1048 3915 1131 3966 omitt.
1142 3915 1224 3967 RTd.
1236 3954 1269 3967 .-

151 3990 262 4047 aemam,
274 4000 326 4036 om.
336 3984 408 4051 Lips.
420 3994 518 4052 quaest.
529 3986 605 4052 epist.
620 3993 643 4047 1,
658 3988 681 4037 7.
698 4026 731 4037 ..
749 3983 797 4046 abi,
808 4001 829 4035 r.

184 4068 269 4130 5158.
287 4065 366 4133 Intra,
376 4071 476 4124 auor.
498 4068 579 4134 Irffm,
594 4063 649 4133 θβ.
668 4109 700 4120 ..
718 4066 871 4132 hilaritatem,
882 4069 915 4120 B.
939 4066 1080 4134 hilaritates,
1091 4084 1113 4121 r.
1131 4066 1270 4131 hilaritatis,

154 4176 234 4235 θΤᾱ.
253 4227 285 4236 ,.
302 4185 430 4252 danaae,
448 4182 495 4241 Or.
513 4228 545 4241 ...
568 4185 621 4251 alii,
636 4189 662 4239 d.
683 4149 708 4250 d,
719 4188 753 4239 R.
772 4228 804 4238 ..
822 4184 943 4252 olfactum,
954 4203 974 4238 5.
993 4227 1025 4238 ..
1043 4185 1171 4254 Simorum,
1182 4189 1270 4243 delent

151 4251 293 4307 Robortelt
306 4255 334 4308 in
345 4255 448 4316 Gruteri
458 4257 537 4324 lamp.
548 4263 574 4324 a,
586 4262 626 4311 21.
640 4264 666 4311 et
676 4256 764 4322 Hasd,
777 4254 890 4310 detenuit
898 4254 986 4320 sigon.
998 4256 1058 4308 ibid.
1071 4272 1095 4323 p.
1110 4263 1165 4310 145.
