2896 4800
354 297 425 343 nm.
441 296 490 341 x1.
521 295 598 341 cur.
616 293 796 340 utimr.
826 293 924 340 secr.
942 295 1048 338 roe-ua
1199 279 1262 344 323

140 456 173 514 et
194 447 298 524 sorici,
326 447 492 534 pantheris
518 468 583 511 non
604 446 692 524 item,
720 445 868 531 vulpibus
896 455 928 510 et
954 444 1040 531 lupis
1066 445 1198 512 villosus
1227 460 1263 515 ut

139 548 264 628 ovibus,
287 549 405 633 quibus
427 548 599 634 procerior.
622 543 706 612 Sues
727 548 921 632 intorquent,
949 566 1064 610 canum
1086 547 1263 636 degeneres

139 650 199 718 sub
221 651 326 716 alvom
347 648 526 715 reflectunt.

180 751 240 817 LI.
265 752 336 815 112.
369 751 494 818 Vocem
520 773 585 817 non
611 751 730 817 habere
758 751 821 816 nisi
848 772 931 835 quae
953 749 1137 836 pulmonem
1158 761 1190 816 et
1210 773 1262 818 ar·
1277 767 1325 810 tte

140 853 238 918 terias
265 852 385 918 habent
410 851 472 918 hoc
499 862 549 917 est
576 852 639 918 nisi
674 875 757 938 quae
785 852 907 940 spirent
933 851 1125 917 Aristoteles
1151 843 1262 937 putat3

137 953 260 1018 idcirco
287 962 319 1019 et
346 953 478 1019 insectis
507 975 621 1020 sonum
642 976 725 1033 esse,
753 975 820 1018 non
841 973 964 1030 vocem,
991 953 1078 1017 intus
1104 951 1264 1019 inmeante
1310 1008 1313 1012 .

142 1053 259 1141 spiritu
281 1064 314 1120 et
334 1054 461 1122 incluso
483 1066 631 1134 sonante3
654 1055 717 1119 alia
741 1077 887 1120 murmur
908 1055 1015 1132 edere,
1038 1065 1075 1118 ut
1097 1054 1178 1139 apis,
1201 1055 1264 1120 alia

141 1176 216 1220 cum
231 1164 338 1221 unctu
354 1156 533 1235 stridorem,
555 1166 592 1220 ut
612 1156 750 1236 cicadas,
773 1166 940 1242 receptum
962 1153 1048 1220 enim
1063 1154 1188 1220 duobus
1203 1154 1263 1219 sub

138 1267 270 1340 pectore
297 1257 384 1322 cavis
412 1257 575 1344 spiritum,
604 1255 715 1322 mobili
741 1267 928 1323 occursante
954 1255 1139 1321 membrana
1164 1255 1264 1334 intus,

139 1357 250 1423 attritu
272 1358 341 1424 eius
364 1380 492 1435 sonare3
515 1380 654 1437 muscas,
677 1358 760 1443 apis,
784 1367 910 1424 caetera
935 1380 1009 1423 cum
1030 1357 1139 1424 volatu
1161 1368 1194 1423 et
1204 1357 1264 1421 qn,

141 1459 250 1546 cipere
276 1459 382 1525 audiri
411 1469 443 1525 et
469 1459 632 1539 desinere,
669 1482 783 1526 sonum
809 1458 896 1525 enim
922 1460 1034 1523 attritu
1062 1469 1094 1524 et
1114 1458 1264 1524 interiore

139 1581 228 1640 aura,
256 1583 320 1627 non
340 1562 448 1626 anima
468 1561 569 1627 reddi.
602 1560 760 1627 Locustae
787 1560 958 1648 pinnarum
989 1568 1021 1625 et
1040 1560 1193 1625 feminum
1215 1569 1263 1624 at·
1278 1572 1325 1619 aot

138 1661 217 1725 tritu
238 1683 351 1729 sonare
373 1663 521 1729 credatur
543 1685 630 1742 sane,
652 1663 731 1729 item
750 1662 936 1748 aquatilium
957 1661 1103 1749 pectines
1118 1661 1262 1740 stridere,

139 1782 213 1826 cum
234 1764 355 1844 volant,
387 1765 497 1831 mollia
523 1775 555 1830 et
581 1775 689 1831 crusta
712 1766 833 1829 intecta
852 1786 912 1829 nec
933 1785 1046 1828 vocem
1067 1785 1127 1828 nec
1150 1757 1264 1828 sonum

138 1861 239 1926 ullum
259 1863 480 1931 haberescd
502 1866 601 1932 ceteri
622 1867 739 1952 pisces,
761 1864 908 1949 quamvis
929 1865 1080 1949 pulmone
1103 1873 1135 1927 et
1147 1863 1265 1926 arteria

140 1973 279 2042 careant,
309 1987 374 2030 nou
400 1967 435 2030 in
463 1976 564 2031 toturn
591 1966 659 2032 sine
686 1967 752 2031 ullo
774 1975 849 2030 sunt
871 1987 963 2040 s0n03
998 1963 1167 2028 stridorem
1189 1984 1263 2026 eum

19 2087 32 2097 ⁸
140 2061 289 2130 dentibus
309 2065 379 2131 lieri
401 2067 601 2132 cavillantur.
623 2066 669 2131 Et
688 2067 717 2131 is
739 2068 794 2150 qui
815 2087 895 2151 aper
914 2075 1048 2130 vocatur
1069 2064 1103 2127 in
1118 2063 1263 2128 Acheloo

140 2185 233 2229 amne
260 2167 448 2254 grimnitum
467 2167 567 2232 habet
588 2177 620 2232 et
641 2167 706 2245 alii,
728 2166 909 2251 dequibus
931 2166 1080 2229 diximus.
1108 2162 1183 2230 Ova
1203 2186 1263 2250 pa·
1318 2177 1325 2184 “

139 2265 296 2332 rientibus
329 2267 458 2345 sibilus,
496 2267 700 2353 serpentibus
730 2267 864 2354 longus,
901 2265 1057 2331 testudini
1096 2266 1262 2352 abruptus.

139 2365 241 2430 Ranis
269 2388 366 2432 sonus
388 2369 438 2432 sui
459 2368 597 2455 generis,
620 2378 657 2431 ut
677 2368 799 2432 dictum
821 2377 880 2446 est,
903 2420 944 2432 ..
971 2367 1035 2431 nisi
1056 2367 1085 2432 si
1099 2378 1139 2432 et
1158 2368 1193 2431 in
1213 2367 1325 2432 histos
1394 2454 1397 2459 ἱ
1426 2436 1430 2445 ,

125 2467 274 2534 'ferenda
294 2468 450 2534 dubitatio
472 2479 530 2547 est,
552 2523 594 2534 ..
616 2469 692 2554 quia
713 2491 778 2535 vox
798 2469 833 2534 in
855 2491 910 2534 ore
932 2468 1120 2555 concipitur,
1142 2489 1208 2535 non
1228 2469 1264 2534 in

139 2578 286 2652 pectore;
308 2568 443 2634 multum
466 2570 628 2636 tamenin
649 2571 689 2636 iis
710 2571 811 2636 refert
832 2580 865 2636 et
877 2571 1020 2636 locorum
1034 2581 1166 2647 nattua3
1189 2592 1261 2635 mu-

140 2680 191 2735 tae
211 2670 245 2734 in
265 2670 456 2737 Macedonia
478 2672 659 2751 traduntur,
681 2671 762 2737 muti
776 2683 809 2738 et
822 2672 903 2760 apri.
925 2673 1049 2738 Avium
1061 2672 1262 2757 loquaciores

140 2792 223 2855 quae
248 2773 388 2840 minores
410 2785 444 2840 et
464 2775 550 2842 circa
576 2774 679 2841 coitus
701 2797 861 2840 maxume.
893 2773 980 2840 Aliis
1000 2774 1034 2838 in
1055 2797 1165 2863 pugna
1185 2794 1260 2850 vox,

139 2979 171 3028 R.
188 2987 215 3028 ut
226 2978 323 3041 duobus,
335 2975 408 3043 dssr.
426 2986 449 3027 et
460 2977 549 3029 duobus
559 2980 601 3030 vel
612 2978 704 3041 etenim,
715 2979 783 3030 Pint.
801 2978 826 3026 ia
838 2978 917 3040 duob„
930 2980 1047 3031 Oudend.
1060 3017 1092 3029 ...
1108 2979 1151 3028 sub
1160 2987 1260 3041 pectore,

141 3060 192 3094 om.
204 3049 235 3096 R.
249 3085 281 3095 ..
294 3046 367 3107 caua,
378 3048 484 3096 Barbur.
495 3046 550 3097 Rd.
568 3047 658 3106 mauu,
667 3062 687 3107 r,
700 3048 774 3096 codd.
783 3047 890 3096 Barbari
899 3054 1054 3109 etquattuor
1063 3048 1134 3095 codd.
1145 3047 1260 3095 Oudend.

140 3109 361 3174 duma-caveis,
382 3115 462 3162 altera
476 3113 584 3164 Barbari
599 3114 751 3173 coniectura,
763 3111 796 3161 K.
820 3151 846 3161 -
865 3111 986 3174 spiritum,
1005 3111 1030 3162 R
1051 3109 1119 3174 (cod.
1134 3113 1260 3162 vetustiss.

141 3176 271 3241 Oudend.)
292 3179 387 3244 spiritu,
404 3174 474 3244 ᾱβγ.
493 3220 526 3230 ..
543 3186 687 3239 occursante,
703 3180 757 3229 Rd
779 3186 910 3240 accusante,
926 3181 983 3229 cod.
1000 3177 1126 3228 vetustiss.
1143 3178 1260 3229 Oudend.

114 3248 116 3251 ’
139 3254 272 3309 mouente,
284 3255 405 3311 quattuor
417 3248 537 3308 eiusdem,
550 3249 593 3311 qni
605 3254 739 3296 ammaonte
750 3245 825 3309 legit.¹
839 3284 871 3295 ..
892 3244 987 3306 souare,
998 3239 1104 3297 Rern.
1127 3261 1213 3294 eccere
1224 3244 1261 3293 ui-

139 3329 207 3362 scera
216 3321 255 3362 sot
266 3323 344 3364 actum
356 3322 397 3375 eet,
406 3311 436 3376 β,
446 3352 478 3365 ..
490 3323 591 3376 caetera,
603 3315 639 3364 ita
650 3315 739 3378 scripsi
750 3329 784 3364 ex
792 3315 824 3375 R,
837 3313 880 3377 qui
892 3330 905 3362 c
943 3328 960 3362 c
970 3313 1056 3364 habet.
1074 3319 1152 3362 cetera
1162 3309 1260 3373 amita,

140 3382 193 3431 Td.
215 3380 348 3510 qtsimilcc,
369 3375 436 3447 Orr.
462 3382 547 3433 Cetera
558 3378 677 3445 amutii.
695 3424 727 3433 ..
752 3380 900 3445 desinecc,R
929 3383 983 3432 Τὰ.
1006 3379 1111 3431 deame
1127 3387 1153 3429 ut
1167 3394 1260 3429 muscas

139 3463 204 3511 uper,
238 3485 244 3498 .
983 3491 985 3494 Α

174 3517 259 3577 5267.
282 3515 480 3578 etfamiaum,1i.
503 3516 629 3580 minimum,
642 3520 666 3567 d.
686 3559 717 3567 ..
740 3514 904 3580 σνιᾱαίιυ,Β.
927 3516 1038 3578 creditur,
1056 3511 1128 3580 dssy.
1147 3552 1178 3564 ...
1202 3512 1260 3573 Sed,

140 3582 193 3631 Rd·
211 3578 301 3641 Sedet,
313 3577 364 3645 βγ.
381 3623 413 3632 ..
432 3582 544 3644 arteriae,
555 3586 588 3634 R.
604 3625 636 3634 ..
654 3592 710 3632 suat
720 3601 785 3646 sonu,
797 3586 829 3634 R.
846 3591 908 3642 aunt,
922 3585 946 3633 d.
963 3600 1020 3632 emec
1031 3590 1092 3642 suut,
1104 3579 1155 3646 βγ.
1169 3618 1201 3630 ..
1219 3595 1259 3628 cc·

139 3645 260 3707 cilluntur,
272 3662 296 3695 v.
309 3646 428 3698 Schneid.
440 3650 473 3698 ad
481 3649 590 3700 Aristot.
602 3653 661 3700 hist.
675 3653 752 3700 enim.
765 3658 789 3711 4,
802 3657 825 3700 9.
837 3666 863 3714 p.
878 3649 946 3700 535¹>
958 3656 998 3701 el.
1012 3652 1043 3701 T.
1056 3650 1105 3700 ΠΙ.
1117 3663 1143 3712 p.
1156 3651 1214 3698 381.
1227 3685 1259 3696 ..

140 3729 207 3777 oper,
225 3716 297 3765 codd.
314 3716 428 3776 Barbari,
446 3718 514 3779 quod
561 3719 622 3766 obet
637 3718 741 3767 Gesner.
759 3732 844 3767 enum.
860 3724 944 3779 eqnet.
961 3728 986 3780 p.
1005 3723 1044 3767 51.
1067 3731 1146 3778 cuper,
1158 3708 1258 3777 Bdstr.

139 3783 174 3832 V.
186 3782 294 3833 Aristot.
306 3783 324 3832 l.
336 3783 354 3832 l.
367 3788 391 3843 4,
404 3789 427 3832 θ.
439 3797 465 3846 p.
478 3786 526 3832 136
564 3788 603 3834 18.
617 3792 643 3848 et
652 3785 720 3835 Plin.
732 3785 764 3834 N.
776 3786 809 3834 H.
823 3790 864 3844 ³2,
877 3788 917 3834 tt.
940 3823 972 3832 ..
996 3782 1091 3844 attere
1117 3776 1258 3842 decliir,d.

141 3889 172 3899 -
185 3848 215 3898 de
226 3847 350 3914 quibusda
361 3865 418 3913 quc,
426 3851 458 3899 R.
475 3850 547 3900 Haec
557 3851 680 3914 scriptura
691 3865 744 3901 non
756 3858 795 3900 est
805 3851 984 3914 dittographia,
994 3854 1039 3901 sed
1046 3849 1172 3900 nonnulla
1182 3849 1261 3898 verbe

140 3919 224 3968 media
238 3926 297 3982 post
313 3916 342 3966 de
353 3917 438 3982 quibus
449 3918 573 3968 excidisse
584 3919 691 3980 indicet3
711 3933 837 3981 nusquam
849 3918 916 3967 enim
927 3919 994 3968 Plin.
1007 3919 1039 3967 de
1054 3917 1165 3981 piscibus
1181 3931 1257 3978 grum

140 3986 266 4036 nieutibns
282 3986 355 4037 dixit.
376 3987 483 4038 Prorsus
499 3986 571 4035 nullo
587 3987 641 4036 iure
656 3987 736 4036 Hand.
751 3986 840 4035 laudat
857 3991 881 4046 9,
894 3991 934 4034 28.
960 3984 1079 4035 Ceterum
1090 3981 1200 4046 Maus,
1211 4000 1258 4032 ccc

138 4050 267 4112 parientes.
286 4052 377 4104 Sibilus
388 4070 450 4117 serp.
462 4054 620 4118 interpungit
629 4053 662 4103 Κ.
680 4095 713 4103 -
731 4051 826 4115 eurilue,
838 4053 870 4102 R.

175 4117 261 4177 §aaa
283 4136 362 4182 anus,
377 4123 458 4172 omitt.
475 4122 558 4173 Rue.
580 4122 615 4171 v.
632 4122 741 4173 Auctor.
756 4122 773 4170 1.
790 4121 808 4169 1.
825 4127 849 4182 4,
867 4125 890 4170 9.
907 4136 933 4184 p.
950 4125 1018 4171 sese
1031 4127 1070 4170 ιι.
1088 4161 1121 4169 ..
1143 4109 1214 4188 suissl,
1232 4121 1256 4169 u.

35 4221 37 4225 »
140 4183 197 4246 aab,
209 4187 241 4236 R.
254 4225 286 4236 ..
304 4185 391 4237 dutum
403 4196 437 4237 est
448 4192 463 4253 5
476 4193 533 4240 172.
546 4193 602 4240 173.
615 4229 648 4239 ..
665 4188 713 4238 uici
722 4187 752 4249 εἰ,
763 4189 787 4238 (1.
805 4187 858 4249 aiei,
869 4187 901 4237 It
914 4228 945 4238 ..
963 4189 1021 4258 quic
1031 4203 1084 4249 wa,
1094 4189 1126 4238 P.
1144 4187 1186 4250 qui
1195 4202 1257 4247 mcx,

141 4245 212 4315 ἀβγ.
235 4292 266 4302 ..
289 4261 377 4317 matce,
388 4257 421 4306 R.
437 4263 525 4317 mutet,
537 4258 561 4306 d.
586 4256 643 4307 Om.
656 4258 687 4306 T.
709 4263 786 4306 urutne
796 4295 820 4304 -
829 4254 887 4319 apri
895 4256 950 4304 vitii
966 4263 1083 4354 suspeptu
1098 4257 1175 4306 habet
1188 4256 1256 4304 Pint.
