2896 4800
345 284 416 332 nm.
430 284 464 332 x.
493 282 573 332 css.
587 281 759 332 ran-xvi.
790 278 887 329 sacr.
905 282 994 326 rma.
1169 264 1232 333 205

111 437 254 504 funebria
276 446 309 503 et
329 456 480 502 maxume
501 434 703 500 abominatus
723 432 863 519 publicis
883 433 1057 520 praecipue
1079 435 1232 523 auspiciis

111 539 241 606 deserta
265 538 377 604 incolit
407 559 467 604 nec
487 546 612 602 tantum
632 535 776 602 desolata
797 533 857 600 sed
882 533 954 599 dira
974 533 1070 600 etiam
1090 547 1123 602 et
1142 536 1231 604 inac-
1306 574 1328 603 ,ι

109 662 211 720 cessa,
232 638 337 705 noctis
358 646 546 716 monstrum,
567 658 628 702 nec
649 645 745 701 cantu
765 634 873 719 aliquo
886 633 1006 700 vocalis
1020 635 1078 701 sed
1092 637 1231 724 gemitu3

109 741 221 826 itaque
242 742 277 806 in
297 738 432 805 urbibus
455 748 512 803 aut
531 736 661 802 omnino
681 737 716 801 in
736 736 808 803 luce
835 736 925 802 visus
946 735 1051 800 dirum
1070 746 1232 803 ostentum

109 852 168 908 est.
212 842 415 907 Privatorum
448 838 595 904 domibus
626 838 817 904 insidentem
848 837 1033 923 plurumum
1070 836 1136 903 scio
1167 860 1232 905 non
1245 853 1278 900 ta

73 1015 78 1023 ,
110 943 212 1008 luisse
232 943 373 1009 feralem.
409 940 509 1007 Volat
534 961 711 1025 numquam
737 959 802 1022 quo
830 938 927 1005 libuit
953 938 1010 1004 sed
1032 949 1233 1006 transversus

109 1044 266 1109 aufertur.
305 1041 447 1129 Capitoli
475 1041 588 1108 cellam
613 1040 719 1127 ipsam
744 1039 876 1106 intravit
901 1036 980 1105 Sex.
1001 1038 1146 1127 PalpeIIo
1168 1039 1232 1105 Hi-

110 1154 177 1208 stno
197 1142 239 1208 L.
260 1143 404 1211 Pedanio
431 1165 524 1223 cosa,
551 1140 792 1229 propterquod
812 1142 906 1208 nonis
926 1141 1057 1208 Martiis
1081 1142 1160 1210 urbs
1181 1144 1232 1210 lu·

109 1255 211 1311 strata
232 1256 282 1312 est
304 1268 342 1311 eo
363 1266 456 1311 anno.

151 1345 254 1412 XIII.
278 1349 327 1412 17.
359 1346 567 1432 inauspicata
588 1354 637 1413 est
657 1353 690 1411 et
710 1337 906 1412 incendiaria
927 1345 1013 1424 avis,
1039 1367 1136 1431 quam
1156 1368 1232 1434 pro-
1245 1361 1277 1406 aa

109 1457 183 1534 pter
210 1469 440 1534 saepenumero
465 1447 633 1512 lustratam
658 1445 772 1513 urbem
792 1447 827 1511 iu
848 1446 1017 1514 annalibus
1041 1448 1232 1529 invenimus,

110 1548 193 1613 sicut
219 1547 260 1615 L.
284 1546 398 1615 Cassio
420 1545 458 1614 C.
482 1547 590 1615 Mario
622 1570 716 1628 cosa,
745 1570 810 1635 quo
838 1571 921 1614 anno
948 1560 983 1616 et
1008 1549 1137 1618 bubone
1162 1552 1233 1619 viso

107 1648 244 1715 lustrata
265 1661 324 1716 est.
361 1649 456 1732 Quae
484 1651 526 1715 sit
552 1650 621 1716 avis
642 1672 691 1730 ea,
719 1672 784 1716 non
811 1651 972 1737 reperitur
995 1675 1057 1719 nec
1083 1652 1232 1720 traditur.

109 1747 251 1831 Quidam
281 1753 328 1817 ita
351 1753 621 1839 interpretantur,
653 1751 881 1818 incendiariam
915 1774 986 1821 esse
1011 1775 1233 1840 quaecumque

108 1852 293 1939 adparnerit
314 1855 484 1920 carbonem
505 1853 614 1919 ferens
637 1875 679 1919 ex
700 1853 765 1919 aris
787 1855 839 1919 vel
859 1854 1015 1920 altaribus
1021 1879 1031 1932 3
1059 1857 1114 1921 alii
1141 1858 1231 1941 spin-

107 1954 265 2020 turnicem
291 1977 361 2021 eam
389 1965 516 2034 vocant,
551 1956 610 2021 sed
636 1955 716 2021 haec
741 1954 815 2042 ipsa
843 1976 926 2039 quae
952 1966 1038 2021 esset
1056 1957 1140 2023 inter
1161 1958 1231 2024 avis

107 2056 164 2140 qui
176 2079 210 2122 se
225 2056 308 2123 scire
321 2056 444 2123 diaeum
456 2080 521 2123 uon
531 2057 650 2123 inveni.
672 2054 771 2123 XIV.
794 2054 934 2123 Cliviam
944 2079 1073 2142 quoque
1083 2080 1178 2125 arem
1188 2059 1229 2125 ab
1244 2066 1277 2116 ³⁷

108 2157 248 2243 antiquis
275 2160 471 2225 nominatam
497 2158 718 2224 animadverto
739 2158 898 2246 ignorari3
925 2158 1055 2242 quidam
1078 2159 1231 2224 clamato-

78 2336 81 2343 Ι
107 2259 189 2324 riam
210 2260 335 2338 dicunt,
359 2258 475 2324 Labeo
496 2257 748 2344 prohibitoriam.
777 2256 825 2322 Et
845 2259 933 2343 apud
952 2257 1122 2348 Nigidium
1143 2260 1232 2325 subis

108 2361 290 2445 appellatur
322 2356 392 2423 avis
429 2379 511 2442 quae
543 2357 724 2443 aquilarum
750 2380 814 2424 ova
843 2358 983 2447 frangat.
1028 2357 1111 2425 XV.
1146 2357 1233 2426 Sunt

107 2469 275 2547 praeterea
291 2458 449 2545 conplura
469 2481 590 2548 genera
610 2460 739 2546 depicta
759 2459 794 2525 in
814 2459 956 2526 Etrusca
976 2460 1158 2548 disciplina
1174 2461 1232 2528 sed
1321 2532 1324 2537 ,

106 2558 165 2624 ulli
186 2583 251 2626 non
271 2561 352 2640 visa,
375 2583 459 2645 quae
479 2583 567 2628 nunc
588 2561 744 2629 defecisse
757 2561 876 2629 mirum
897 2571 957 2642 est,
978 2584 1054 2629 cum
1067 2563 1233 2630 abundent

108 2661 205 2727 etiam
226 2684 309 2747 quae
330 2663 408 2751 gula
429 2663 570 2728 humana
588 2665 772 2751 populatur.

149 2745 322 2830 XV1.'18.
355 2763 574 2830 Externorum
601 2765 643 2830 de
670 2764 816 2852 auguriis
840 2764 1036 2852 peritissime
1063 2766 1231 2854 scripsisse
1243 2777 1277 2823 ³⁸

107 2862 212 2950 Hylas
233 2865 361 2931 nomine
381 2876 525 2952 putatur.
557 2865 592 2931 Is
614 2866 714 2931 tradit
733 2874 895 2946 noctuam,
925 2866 1100 2945 bubonem,
1121 2867 1232 2953 picum

107 2965 238 3032 arbores
260 2975 438 3044 cavantem,
466 2977 649 3053 trygonam,
679 2967 841 3031 cornicem
862 2989 882 3031 a
903 2968 1006 3033 cauda
1026 2968 1069 3034 de
1089 2987 1151 3033 ovo
1171 2991 1230 3034 ex-

106 3064 164 3144 ire,
187 3066 338 3150 quoniam
357 3066 501 3152 pondere
523 3067 663 3152 capitum
684 3088 839 3152 perversa
853 3089 916 3132 ova
928 3068 1141 3152 posteriorem
1153 3091 1229 3153 par-

107 3175 172 3232 tem
193 3187 365 3255 corporum
385 3166 559 3232 fovendam
579 3165 675 3230 matri
697 3165 867 3251 adplicent.

78 3370 84 3375 ’
106 3374 154 3438 otti,
167 3378 183 3427 d
194 3373 235 3440 (in
246 3375 355 3442 maura)
372 3420 404 3428 -
424 3377 482 3440 laco,
495 3378 563 3429 Piut.
582 3417 614 3426 ..
638 3383 757 3437 ostentum,
769 3374 801 3427 R.
819 3383 954 3439 monebunt,
967 3377 992 3427 d.

140 3445 155 3507 §
167 3450 209 3495 ³5.
222 3442 359 3509 plara'mam,
372 3440 422 3497 θᾶ.
436 3445 542 3511 plerum,
554 3445 598 3496 32.
613 3443 711 3509 plurim,
722 3445 760 3495 1³¹
772 3442 914 3509 (Mnrbac.)
927 3442 1047 3509 plurimu,
1058 3444 1143 3497 Rhen.
1154 3440 1185 3508 β.
1197 3484 1229 3495 ..
1264 3452 1268 3459 ’

106 3507 181 3570 atat,
192 3512 239 3561 Rd
250 3509 391 3574 (Murbac.)
410 3513 471 3576 labet,
482 3531 503 3564 r.
530 3555 562 3563 ..
588 3513 762 3576 cassaturum
789 3514 994 3577 cumanam
1020 3514 1140 3578 acescunt,
1152 3516 1177 3564 d.
1197 3552 1229 3562 .-

105 3574 225 3704 fflpelgn
235 3578 361 3693 Harma
371 3581 483 3696 inscfiipt.
495 3596 536 3646 ap.
553 3581 652 3633 Gruter.
664 3598 690 3647 p.
702 3585 761 3633 447.
778 3579 907 3646 Palpellio,
918 3572 972 3635 ΒΘ
976 3583 1000 3630 d.
1018 3579 1138 3645 Pupellrb,
1148 3575 1178 3641 β.
1197 3618 1229 3628 ..

157 3659 178 3703 o,
212 3679 218 3692 .
237 3684 269 3692 ..
358 3661 406 3708 rrae,
443 3683 450 3696 .
503 3699 504 3704 ,

38 3721 42 3728 “
140 3709 940 3778 5³⁶·swanum·ammata‹1·rraterruam.ssr·
964 3754 996 3762 -
1027 3712 1111 3774 mn.
1135 3752 1167 3761 -
1194 3711 1230 3761 a.

60 3790 65 3796 ·
106 3787 186 3828 enata
197 3786 238 3840 eal,
251 3780 282 3829 R.
302 3777 338 3828 lue
351 3786 428 3828 boeto
439 3795 495 3840 esse,
507 3780 621 3830 Murbac.
645 3779 681 3828 lua
694 3787 799 3830 mactata
810 3797 867 3843 case,
880 3783 904 3830 d.
931 3778 1035 3829 lustrata
1046 3788 1087 3829 cat.
1099 3776 1151 3830 Sed
1161 3795 1229 3843 quae,

106 3849 190 3898 Rhen.
209 3889 242 3898 ..
259 3863 313 3909 non,
325 3849 385 3899 ΒΤ.
404 3863 452 3910 nec,
465 3842 536 3910 dssr.
554 3887 586 3896 -
604 3862 769 3911 qaaecumque,
780 3849 812 3898 R.
830 3862 982 3913 quocumque,
995 3848 1048 3897 To.
1066 3889 1098 3896 -
1116 3846 1229 3912 spitami-

107 3931 162 3976 oem,
173 3919 206 3967 R.

140 3986 205 4047 §37.
226 3980 335 4046 Cliniam,
347 3977 456 4037 RO'I'd.
478 3981 601 4043 Glanum,
613 3977 642 4043 β.
655 4024 687 4032 ..
699 3983 770 4045 subi,
783 3985 807 4034 d.
825 3985 910 4046 subter,
926 3975 954 4034 θ.
971 3984 1034 4047 ειφῑ,
1046 3982 1078 4034 R.
1097 4024 1128 4034 ..
1146 3982 1228 4049 appel·

108 4047 190 4111 latam,
203 4053 227 4102 d.
246 4095 277 4102 ..
295 4051 339 4102 aed
349 4051 399 4114 ulli,
411 4053 493 4102 RTd.
511 4068 536 4100 se
549 4049 598 4112 tuli,
610 4051 723 4100 Mnrbac.
741 4049 831 4112 secula
842 4047 871 4112 β.

142 4120 157 4180 5
170 4125 210 4168 ³8.
227 4117 316 4184 Hyla,
329 4123 346 4170 d
358 4118 443 4182 (codd.
454 4117 582 4180 Barbari.)
599 4116 663 4167 Illas
674 4133 710 4178 as,
722 4118 747 4167 R
755 4110 783 4168 θ.
800 4117 915 4182 Illuciam,
928 4120 959 4171 Τ.
977 4160 1009 4170 -
1027 4127 1148 4181 macutes,
1160 4123 1185 4170 d.
1194 4161 1226 4171 -

108 4191 240 4248 Quonam,
253 4181 274 4235 θ
286 4189 344 4238 coll.
356 4188 484 4239 Valckcn.
496 4190 529 4238 ad
545 4187 654 4237 Theocr.
670 4186 796 4237 Adoniaa.
814 4193 855 4239 88.
871 4203 896 4254 p.
913 4192 970 4240 tls.
997 4187 1129 4254 triponanu
1144 4188 1228 4240 RTd.

109 4259 234 4317 tropeam,
245 4248 274 4316 β.
292 4254 412 4320 ιη’ᾳοηοηι,
423 4270 449 4320 γ.
467 4295 499 4306 ..
516 4251 738 4320 mcyissovendam,
749 4255 783 4306 Κ.
