2896 4800
197 251 260 316 338
550 263 755 310 unruuanrs
776 261 973 310 morcarus

198 418 232 482 id
258 416 364 505 gignit
394 414 564 479 advehitur
591 415 697 479 odoris
724 415 837 500 gratia.
881 413 962 479 Fert
984 423 1016 479 et
1042 413 1077 476 in
1103 414 1205 499 spinis
1226 415 1322 504 pipe-

198 520 244 584 ris
271 516 511 582 similitudinem
540 515 715 600 praecipua
739 515 968 593 amaritudine,
995 515 1079 580 foliis
1104 516 1215 600 parvis
1239 518 1322 584 den-

196 620 305 702 sisque
332 618 426 703 cypri
453 616 558 693 modo,
589 616 686 680 ramis
709 615 806 680 trium
828 615 1020 694 cubitorum,
1049 617 1168 682 cortice
1189 617 1322 704 pallido,

194 720 302 787 radice
330 720 397 784 lata
417 718 617 805 ligneasque,
646 714 744 782 buxei
765 716 891 782 coloris.
917 715 991 782 Hac
1011 717 1045 781 in
1067 737 1151 802 aqua
1173 741 1248 783 cum
1268 707 1322 785 se·

194 822 281 886 mine
304 829 437 884 excocta
463 819 498 882 in
520 840 613 885 aereo
635 840 712 884 vase
732 818 1010 901 medicamentum·
1022 818 1059 882 fit
1079 818 1166 902 quod
1187 831 1323 886 vocatur

194 922 313 1007 lyeion.
345 919 399 984 Ea
431 920 525 1004 spina
553 929 584 983 et
610 920 644 982 in
670 918 761 984 Pelio
787 928 896 984 monte
926 919 1070 984 nascitur
1096 920 1321 1007 adulteratque
1334 937 1364 981 er

193 1024 478 1098 medicamentum
507 1020 586 1085 item
611 1018 779 1105 asphodeli
806 1020 901 1084 radix
927 1030 984 1084 aut
1009 1020 1053 1084 fel
1079 1019 1238 1107 bubulum
1264 1034 1322 1088 aut

193 1123 390 1211 apsinthium
412 1123 465 1189 vel
485 1120 563 1185 rhus
585 1121 636 1186 vel
650 1142 788 1186 amurca.
810 1119 1024 1207 Aptissimum
1043 1121 1220 1189 medicinae
1232 1124 1321 1209 quod

193 1236 243 1292 est
267 1245 466 1311 spumosum;
491 1221 565 1287 Indi
586 1222 621 1287 in
642 1221 768 1287 utribus
791 1220 984 1289 camelorum
1006 1232 1062 1286 aut
1082 1223 1321 1290 rhinocerotum

192 1326 227 1391 id
248 1325 390 1391 mittunt.
420 1322 555 1409 Spinam
576 1322 681 1408 ipsam
707 1323 741 1388 in
764 1321 906 1388 Graecia
926 1322 1058 1407 quidam
1079 1323 1320 1411 pyxacanthum

194 1423 385 1491 Chironium
405 1434 530 1490 vocant.

233 1525 330 1592 VIH.
355 1526 405 1591 16.
438 1524 484 1590 Et
517 1525 618 1590 macir
649 1547 691 1591 ex
717 1523 812 1591 India
840 1525 1026 1604 advehitur,
1060 1535 1172 1593 cortex
1198 1526 1320 1593 rubens
1332 1540 1366 1585 aa

191 1626 309 1692 radicis
335 1648 473 1714 magnae
500 1625 630 1691 nomine
656 1626 779 1692 arboris
802 1649 878 1691 suae
885 1651 894 1703 ;
928 1628 1033 1711 qualis
1061 1627 1104 1692 sit
1131 1650 1179 1704 ea,
1207 1627 1319 1692 incon-

192 1738 322 1814 pertum
343 1726 456 1793 habeo.
491 1724 630 1793 Corticis
656 1727 750 1792 melle
778 1727 902 1794 decocti
929 1749 1007 1793 usus
1035 1728 1070 1791 in
1097 1726 1254 1792 medicina
1276 1727 1320 1791 ad

192 1827 407 1912 dysintericos
428 1828 622 1915 praecipuus
640 1827 791 1894 habetur.

235 1932 286 1996 17.
320 1928 504 1996 Saceharon
534 1939 568 1995 et
592 1928 719 1996 Arabia
745 1929 818 2009 fert,
849 1928 907 1995 sed
933 1928 1095 1994 laudatius
1122 1926 1234 2004 India3
1269 1940 1320 1995 est

192 2040 299 2096 autern
326 2032 445 2097 mel'in
464 2030 700 2097 harundinibus
722 2032 902 2108 collectum,
930 2029 1104 2096 cummium
1123 2030 1218 2097 modo
1239 2051 1318 2096 ean-

192 2130 315 2210 didum,
345 2131 493 2199 dentibus
515 2132 642 2219 fragile,
671 2133 904 2219 amplissimum
935 2132 1027 2197 nucis
1054 2129 1219 2197 abellanae
1237 2153 1317 2195 *ma-

192 2233 372 2320 gnitudine
396 2235 439 2299 ad
459 2234 637 2300 medicinae
659 2244 783 2298 tantum
804 2256 909 2298 usum.

236 2335 286 2400 18.
321 2333 531 2401 Contemnina
557 2335 650 2400 Indis
680 2359 760 2421 gens
782 2335 907 2400 Ariana
932 2335 1124 2422 appellatur,
1153 2334 1205 2400 eui
1227 2332 1365 2419 spineas

191 2434 396 2501 lacrimarum
417 2438 570 2522 pretiosa,
592 2459 720 2502 murrae
738 2437 866 2515 similis,
888 2459 1023 2503 accessu
1043 2446 1176 2523 propter
1190 2435 1318 2500 aculeos

193 2535 307 2613 anxi03
339 2536 386 2602 ibi
421 2547 454 2602 et
486 2538 597 2602 frutex
628 2538 782 2623 pestilens
812 2538 948 2624 raphani
979 2538 1057 2604 folio
1089 2537 1188 2615 lauri,
1220 2536 1319 2603 odore

193 2655 293 2718 equos
324 2636 498 2714 invitante,
540 2637 596 2721 qui
627 2658 731 2721 paene
765 2639 908 2722 equitatu
939 2637 1067 2703 orbavit
1096 2637 1319 2703 Alexandrum

195 2799 238 2855 θ’.
255 2803 351 2869 Indica,
372 2801 413 2858 0².
434 2806 519 2871 India,
537 2825 557 2859 r.
577 2806 666 2857 Indica
685 2805 781 2874 Tynda,
794 2809 903 2860 Salmas.
920 2808 1004 2863 Indico
1016 2808 1070 2859 lacu
1081 2811 1219 2875 vel-potius
1230 2806 1319 2858 Iadica

192 2871 246 2935 leta,
260 2873 386 2938 Oudend,
398 2878 466 2940 quod
484 2877 548 2927 mihi
565 2883 732 2940 quoquotum
746 2877 779 2928 ob
796 2892 898 2928 sensum
912 2893 989 2941 qnam
1006 2879 1039 2927 ob
1057 2879 1087 2927 (1²
1103 2876 1317 2928 vensimillimnm

190 2941 297 2992 videtur.
316 2982 348 2992 ..
366 2943 392 2991 a’n
402 2942 486 3007 spinis,
499 2946 589 2995 Tadr.
607 2943 686 3008 mina,
697 2940 756 3006 Ββ.
774 2986 806 2995 ..
825 2945 867 3008 pti
873 2961 933 3008 pua,
945 2960 969 2994 a.
992 2985 1024 2994 ..
1047 2961 1069 2992 m
1103 2942 1259 3005 nundinali.
1282 2983 1316 2992 .-

191 3006 279 3072 b'yaam
291 3025 360 3073 aqua,
372 3011 405 3060 R.
424 3051 456 3061 ...
476 3011 540 3072 basi,
552 3014 583 3064 R
596 3053 628 3062 ..
647 3012 712 3074 Hac,
728 3005 829 3063 Orac.
847 3011 928 3072 Hane,
939 3014 971 3063 R.
989 3011 1066 3072 Haec,
1101 3048 1107 3062 .
1126 3052 1158 3062 -
1176 3026 1272 3074 aquam,
1283 3011 1316 3061 R„

190 3116 223 3126 ..
233 3076 340 3139 srutt’ce,
352 3079 420 3130 Pint.
439 3119 471 3129 -
488 3087 592 3142 macera,
604 3081 636 3130 R.
655 3088 761 3144 cacata,
773 3075 865 3144 adssr.
884 3094 1005 3144 amessa,
1017 3080 1107 3130 Dalec.
1118 3079 1157 3130 At
1167 3094 1190 3128 v.
1204 3085 1245 3140 24,
1259 3083 1317 3128 125.

189 3184 222 3195 -
242 3143 326 3208 lyciae,
337 3146 442 3197 Barbar.
456 3147 480 3196 d.
499 3145 596 3212 lieyeae,
607 3148 640 3198 R.
660 3146 748 3212 lyciam
759 3146 854 3210 arpina,
867 3163 890 3196 a
908 3147 941 3198 V.
952 3147 1071 3197 Dioscor.
1086 3153 1108 3209 1,
1123 3151 1179 3197 132.

223 3247 292 3308 §ih
307 3245 367 3310 pilo,
379 3247 404 3296 d.
423 3288 455 3297 ..
473 3247 619 3312 aspedileao,
630 3249 662 3299 R.
681 3290 713 3298 ..
731 3247 796 3310 rhua,
808 3248 863 3297 Rd.
881 3263 930 3310 rua,
946 3240 1023 3298 Ora
1042 3244 1103 3308 thus,
1114 3242 1144 3314 β.
1164 3284 1194 3293 ..
1218 3244 1316 3308 apb'rm'-

189 3326 261 3373 mam,
272 3312 304 3362 R.
323 3313 472 3374 absinthium,
485 3331 507 3364 a.
525 3313 619 3379 Lyciae
630 3315 786 3379 aptissimum,
799 3308 872 3379 ἁβγ.
886 3356 918 3364 ..
936 3312 969 3376 id,
981 3315 1035 3365 Rd.
1053 3311 1095 3375 ad,
1107 3329 1130 3362 a·
1142 3352 1174 3361 -.
1193 3310 1251 3374 qula
1262 3312 1317 3373 2111·

190 3376 255 3439 dam,
266 3379 299 3429 R.
317 3420 350 3430 ..
372 3378 517 3442 chironiam,
529 3384 562 3433 R.
583 3379 700 3445 chrosam,
712 3385 757 3433 ad.
772 3381 952 3447 pyxacanthum
967 3379 1111 3442 Chirmiam,
1122 3381 1190 3429 Pina.

223 3479 292 3541 §82
309 3478 409 3541 machir,
421 3481 454 3535 R.
473 3481 507 3532 V.
519 3482 639 3534 Dioscor.
653 3491 675 3545 l,
687 3490 744 3535 111.
758 3524 790 3534 ..
809 3482 939 3546 Saetaron,
951 3499 974 3532 a
993 3481 1118 3543 aaaron
1129 3482 1153 3530 d.
1172 3477 1316 3539 Sacharae,

188 3546 221 3597 R
238 3545 438 3610 V.Dioseor.2‚
453 3553 509 3600 104.
536 3590 569 3600 ..
594 3551 726 3614 memmium,
738 3552 771 3602 R.
797 3551 996 3613 cornmiam,a¹d.
1021 3549 1160 3616 pamniam,
1177 3541 1263 3612 εἳβγ.
1283 3587 1315 3597 .-

72 3640 80 3651 ·
159 3668 170 3680 κ
188 3611 415 3678 maynitudiacm,a.
462 3636 465 3641 ·

221 3716 290 3778 583.
316 3712 436 3779 Arsiana,
448 3712 497 3779 ast.
514 3719 549 3769 V.
561 3718 693 3784 Theophr.
705 3721 764 3772 hist.
776 3721 857 3784 plant.
874 3719 922 3770 IV.
940 3726 968 3782 4,
989 3726 1028 3770 12.
1056 3759 1089 3768 -
1116 3716 1166 3779 cui,
1183 3717 1214 3766 R.
1240 3714 1315 3776 carisa,

189 3776 281 3847 adssr.
301 3825 333 3833 -
348 3784 416 3848 pina,
429 3802 452 3835 a.
470 3827 503 3836 ..
523 3784 631 3846 lacrima,
643 3789 676 3839 R.
694 3829 726 3838 ..
744 3787 825 3849 simili,
841 3780 930 3838 Bada.
948 3785 1045 3846 alaudia,
1055 3787 1087 3836 R.
1106 3826 1138 3834 -
1156 3799 1270 3843 moerere,
1282 3783 1315 3832 Β.

188 3887 221 3897 -
238 3848 429 3916 rapltaaa’solia,
442 3851 507 3903 lauri
521 3853 604 3916 odore,
620 3856 779 3920 interpungit
794 3855 953 3905 Freinshem.
971 3856 1005 3904 ad
1018 3854 1088 3904 Cart.
1101 3853 1149 3905 IX.
1163 3857 1208 3913 10,
1221 3857 1260 3901 12.
1277 3851 1316 3900 At

188 3928 246 3966 curn
262 3918 394 3984 Theophr.
417 3922 434 3969 1.
451 3922 468 3970 1.
486 3921 534 3972 IV.
552 3929 582 3983 4,
600 3929 640 3973 13.
657 3925 726 3974 dicat
741 3925 815 3973 illum
836 3922 954 3973 fruticem
976 3923 1120 3987 raphanum
1139 3918 1315 3983 magnitudine

188 3995 304 4047 aequare,
316 3987 343 4035 h.
355 3987 373 4036 1.
385 3987 483 4051 aliquid
495 3989 621 4041 excidisse
631 3991 738 4053 videtur,
751 3991 860 4055 quodid
872 3990 1059 4054 significaverit.

221 4080 295 4142 584.
322 4084 456 4147 boreali.
485 4087 555 4150 lario,
568 4093 613 4141 ad.
642 4090 715 4154 lauri,
730 4086 760 4143 θ.
786 4089 955 4154 nalb,Hard.
968 4106 1001 4141 ex
1013 4090 1194 4156 Theophrasto
1210 4088 1227 4133 1.
1244 4087 1262 4131 l·
1281 4121 1313 4131 -
1409 4147 1413 4151 ,

188 4147 295 4212 inferret,
311 4146 339 4202 θ.
365 4154 517 4219 inseret,R¹.
544 4157 625 4222 infert,
638 4155 773 4224 madiy.
804 4199 831 4208 -
861 4157 1041 4220 convalliaad.
1070 4194 1101 4208 .-
1120 4144 1222 4213 110119·
1240 4150 1315 4214 fi⁰⁰⁸2

188 4217 242 4275 Ru.
253 4216 319 4281 fict'a,
331 4216 402 4286 αβγ.
422 4263 452 4272 ..
471 4223 549 4289 oyylu',
561 4225 593 4274 R.
