2896 4800
391 278 462 326 am.
479 278 540 325 vn.
569 274 647 324 cnr.
662 275 833 324 κιο-κν.
863 273 960 324 sacr.
976 278 1065 322 u-u.
1247 261 1287 325 21

208 427 288 496 XV.
318 429 368 495 13.
405 425 518 496 Solum
551 436 657 496 autem
696 429 814 495 animal
846 429 1040 496 menstruale
1073 425 1187 496 mulier
1218 437 1287 509 est3
1302 448 1335 494 oa
1407 462 1413 471 ·

166 531 243 598 inde
263 530 361 598 unius
381 539 472 598 utero
493 551 575 616 ques
596 529 841 617 appellaverunt
860 529 972 596 molus.
998 527 1049 594 Ea
1070 539 1121 597 est
1141 551 1215 598 caro
1236 530 1287 597 iu·
1373 595 1380 604 ,

166 631 293 711 formis,
319 631 477 710 inanima,
505 630 582 698 ferri
610 630 711 698 ictum
736 640 771 698 et
799 629 902 698 aciem
930 646 1105 716 respuens;
1141 633 1288 699 movetur

166 730 315 818 sistitque
330 753 474 812 menses,
497 740 530 798 et
550 741 587 796 ut
606 741 731 817 partus,
753 731 837 826 ‚aua
857 727 975 808 letalia,
1002 728 1081 794 alias
1102 752 1168 796 una
1194 753 1287 802 sene·

166 854 271 913 scens,
299 831 471 919 aliquando
498 831 571 898 alvo
593 832 737 898 citatiore
758 831 922 898 excidens.
944 827 1059 896 Simile
1080 828 1235 914 quiddam
1255 845 1289 900 et
1403 878 1406 885 -

165 933 244 1000 viris
270 934 305 1000 in
334 944 446 1001 ventre
473 931 620 1020 gignitur
647 932 735 1017 quod
763 940 881 999 vocant
901 931 1040 1011 scirron,
1073 929 1158 997 sicut
1178 929 1288 1019 Oppio

165 1033 501 1121 Capitonipraetorio
521 1032 602 1099 viro.
624 1029 694 1099 Sed
713 1032 792 1099 nihil
812 1031 908 1099 facile
927 1031 1106 1119 reperiatur
1119 1032 1289 1099 mulierum

165 1135 323 1221 profluvio
350 1135 456 1224 magis
481 1135 724 1202 monstrificum.
760 1129 926 1201 Acescunt
953 1143 1150 1222 superventu
1170 1144 1287 1215 musta,
1301 1153 1334 1199 or

166 1237 371 1305 sterilescunt
392 1234 500 1304 ⁴tactae
520 1236 643 1324 finges,
672 1236 852 1303 moriuntur
871 1234 979 1315 insita,
1008 1247 1186 1303 exuruntur
1210 1236 1286 1304 hor-

166 1346 271 1404 torum
291 1338 446 1425 germina,
475 1338 605 1413 fructu·
627 1335 778 1405 arborum
807 1335 926 1423 quibus
952 1336 1101 1404 insedere
1122 1336 1287 1417 decidunt,

165 1438 367 1524 speculorum
387 1437 495 1526 fulgor
515 1437 673 1524 adspectu
693 1438 765 1524 ipso
785 1436 967 1516 hebetatur,
990 1438 1076 1505 acies
1098 1438 1176 1506 ferri
1189 1460 1285 1525 prae·

163 1539 342 1627 stringitur,
365 1537 472 1606 eboris
493 1538 589 1618 nitor,
612 1537 676 1607 alvi
697 1539 808 1625 apium
829 1539 1036 1618 emoriuntur,
1058 1559 1115 1609 aes
1136 1538 1233 1607 etiam
1247 1559 1286 1604 ac

162 1640 282 1706 fenum
302 1638 417 1729 robigo
437 1630 585 1727 protinus
607 1639 748 1726 conripit
766 1639 910 1726 odorque
931 1638 1033 1720 dirus,
1055 1649 1089 1708 et
1109 1638 1144 1705 in
1163 1639 1287 1707 rabiem

162 1751 305 1829 agumtur
332 1749 464 1828 gustato
489 1761 527 1807 eo
558 1761 655 1807 canes
682 1751 780 1827 atque
813 1739 985 1808 insanabili
1011 1763 1135 1811 veneno
1160 1762 1286 1808 morsus

161 1842 310 1908 inficitur.
340 1839 430 1925 Quin
459 1842 493 1909 et
519 1841 711 1909 bituminum
738 1864 861 1931 sequax
889 1842 1030 1931 alioquin
1056 1866 1095 1911 ac
1118 1843 1208 1911 lenta
1227 1865 1285 1910 na·
1299 1861 1332 1908 os

162 1952 235 2007 tura
259 1943 294 2009 in
314 1943 388 2011 lucu
406 1941 548 2012 Iudaeae
569 1943 626 2030 qui
645 1955 781 2012 vocatur
800 1944 1009 2032 Asphaltites
1038 1955 1071 2014 et
1092 1955 1181 2013 certo
1202 1954 1284 2012 tem·

160 2065 240 2130 pore
266 2044 342 2110 anni
368 2055 581 2131 supematane
605 2067 670 2113 uon
694 2048 766 2131 quit
792 2045 855 2113 sibi
876 2045 971 2113 avelli
991 2046 1034 2111 ad
1055 2067 1183 2113 omnem
1205 2067 1283 2111 eon·

160 2153 283 2211 tactum
303 2145 478 2212 adhaerens
499 2155 727 2230 praeterquam
746 2145 802 2210 fflo
824 2147 911 2229 quod
933 2146 996 2210 tale
1016 2147 1106 2209 virus
1127 2146 1283 2211 infecerit.

161 2242 270 2308 Etiam
294 2244 437 2309 formicis
464 2243 595 2309 animali
621 2245 764 2309 minume
791 2244 897 2311 inesse
926 2265 1057 2311 sensum
1082 2243 1152 2310 eius
1177 2244 1285 2312 ferunt

162 2343 310 2431 abicique
330 2350 473 2432 gestatas
494 2342 605 2434 fruges
625 2365 687 2412 nec
707 2354 821 2434 postea
840 2344 954 2433 repeti.
976 2343 1021 2412 Et
1041 2345 1103 2414 hoc
1124 2343 1189 2414 tale
1211 2356 1282 2415 tauss
1297 2365 1329 2412 oa

160 2546 220 2599 vu.
232 2548 367 2630 Aristotel.
378 2567 463 2620 gener.
474 2556 553 2607 snim.
565 2561 589 2618 4,
604 2559 626 2609 7.
639 2596 672 2607 ..
690 2554 805 2621 uomitu,
815 2558 853 2609 Β2
865 2554 957 2622 (Βοὴ.)
974 2557 1079 2620 uauiuu,
1091 2558 1138 2610 R'.
1154 2565 1181 2608 ut
1191 2557 1281 2618 auimo,
1337 2610 1341 2619 ,

161 2617 185 2666 d·
203 2657 236 2668 -
253 2619 324 2682 satu,
336 2623 392 2674 Τὰ.
409 2663 442 2674 ..
459 2624 561 2687 etut,R
572 2621 666 2687 (Βοὴ.)
687 2624 790 2685 etiud
808 2632 874 2685 utet,
885 2621 915 2687 β.
938 2627 1005 2678 Mihi
1016 2633 1040 2674 et
1050 2627 1201 2678 eiicieudum
1211 2627 1281 2676 vide·

158 2691 207 2733 tur·
229 2726 262 2735 -
285 2686 417 2753 aliquanto,
433 2691 500 2743 Bob-
521 2730 555 2742 ..
578 2692 681 2755 citatior,
697 2686 798 2745 Runa
814 2690 905 2757 (Rob.)
923 2733 956 2745 ..
979 2692 1097 2756 carisium
1113 2696 1137 2745 d
1159 2691 1281 2756 eroedeuq

158 2751 211 2802 ur
223 2749 315 2829 (aaa.)
332 2797 364 2807 ..
382 2757 482 2821 aava,
496 2759 602 2811 aarum
619 2762 644 2811 a
664 2759 752 2823 saon,
763 2760 796 2811 n.
817 2776 909 2826 aaron,
920 2762 987 2812 uon.
1006 2803 1039 2814 -
1060 2758 1191 2827 apruna,
1203 2763 1227 2813 u.
1245 2800 1279 2812 -

159 2825 301 2884 reperiatur,
313 2825 376 2875 ΒΚ.
392 2827 517 2890 reperitur,
529 2826 582 2877 Ta.
599 2826 738 2890 reperietur,
749 2842 763 2879 r
774 2825 867 2892 (Βοὴ.)

184 2887 207 2965 ,ξ
221 2892 261 2937 64.
278 2900 418 2954 οορονοοοεο
433 2901 517 2954 intuta,
533 2895 593 2946 Rd²
610 2891 703 2958 (Βοὴ.)
723 2903 887 2959 asperrumum
903 2901 962 2958 octa,
978 2895 1017 2945 d'.
1038 2902 1179 2961 superventu
1194 2901 1279 2959 mortu,

157 2952 254 3016 Rigalt.
266 2963 292 3006 et
306 2959 390 3021 regius
402 2975 443 3022 ap.
455 2960 563 3012 Salmaa
575 2976 658 3013 exerc.
673 2961 691 3012 1.
706 2962 725 3012 1.
737 2962 770 3014 G.
788 2969 928 3027 rupuceutu
939 2970 1025 3024 mium,
1037 2970 1100 3026 orta,
1111 2980 1125 3013 r
1136 2961 1229 3026 (Rob.)
1245 3000 1280 3015 .-

159 3025 248 3083 tactae,
264 3023 368 3074 Barbar.
384 3027 438 3076 Rd.
464 3027 554 3088 iactae,
570 3029 666 3090 Rigalt
683 3037 709 3079 et
724 3030 809 3091 regim
824 3029 931 3080 Salmas.
954 3030 1043 3081 Omitt.
1059 3046 1073 3082 r
1088 3028 1179 3092 (Βοὴ.)
1205 3038 1279 3091 tactu

157 3085 238 3137 Hurd.
259 3089 358 3139 Partim
373 3091 438 3142 haec
456 3094 588 3156 exscripsit
604 3095 684 3145 Solia.
703 3101 726 3157 1,
743 3100 784 3144 54.
798 3099 837 3146 57.
851 3102 891 3147 58.
910 3135 942 3145 ..
951 3095 1059 3158 fructus,
1069 3097 1123 3146 Rd.
1145 3095 1278 3159 etsrucuu,

155 3147 207 3218 βγ.
226 3194 258 3204 ..
276 3155 386 3221 iuaidm,
396 3152 469 3209 Βθᾱ
479 3159 582 3223 (omnes
593 3162 667 3211 codd.
679 3176 720 3226 ap.
733 3162 850 3213 Oudend.
862 3165 896 3214 ad
907 3162 975 3215 Suet
988 3162 1045 3213 Tib.
1061 3168 1109 3225 14,
1120 3159 1201 3224 Rob.)
1219 3162 1278 3212 iuci-

156 3219 219 3283 dere,
236 3222 345 3277 Salmas.
366 3266 400 3276 ..
417 3225 442 3277 iu
457 3234 561 3292 aspectu,
579 3230 616 3279 d'.
640 3268 672 3278 ..
694 3227 833 3292 labebatur,
847 3230 893 3282 ut
915 3269 948 3281 ..
970 3229 1053 3293 aloru,
1069 3232 1124 3283 Ru.
1150 3230 1279 3296 eborisque,

154 3289 221 3340 Βοὴ.
232 3286 285 3358 βγ.
303 3333 336 3343 ..
353 3292 412 3357 alui,
424 3294 470 3347 Rd
481 3293 574 3359 (Βοὴ.)
596 3292 666 3358 alvei,
677 3291 728 3361 βγ.
746 3338 778 3348 ..
802 3297 891 3362 apium,
902 3299 958 3350 ΒΤ
969 3296 1064 3363 (Βοὴ.)
1084 3314 1164 3363 apum,
1176 3294 1227 3360 ᾶβ.
1244 3339 1278 3351 .-

153 3358 292 3423 moriuutur‚
303 3361 329 3410 Β
340 3360 434 3426 (Βοὴ.)
451 3403 484 3414 ..
507 3363 586 3425 eiam,
599 3379 650 3415 om.
661 3365 728 3417 Βοὴ.
746 3406 779 3416 ...
796 3381 835 3429 cc,
846 3369 878 3419 Β
896 3373 926 3430 et,
937 3367 954 3417 d
966 3364 1057 3432 (Βοὴ.)
1076 3406 1109 3418 ..
1127 3367 1277 3430 protinus-

154 3422 257 3501 odorque
268 3443 319 3477 om.
328 3430 374 3479 R'.
387 3470 419 3479 ..
435 3430 540 3495 compit,
552 3432 658 3484 Barbar.
666 3432 698 3482 Β.
716 3433 853 3499 corrumpit,
862 3436 924 3486 Tdr
933 3430 1027 3499 (Βοὴ.)
1040 3476 1073 3486 ..
1088 3434 1164 3498 aino,
1172 3436 1277 3488 RTdr.

155 3487 221 3538 ‘hm'
231 3508 299 3554 aera,
310 3496 375 3545 ΗΘΒ·
387 3492 416 3556 β·
434 3495 502 3546 dim
513 3499 567 3561 viri,
575 3500 643 3552 Pint.
661 3498 729 3550 ἀίηιο
739 3517 800 3551 aera
810 3504 863 3566 legi
873 3517 950 3567 posse
961 3505 997 3552 ait
1007 3506 1097 3554 Dulec.
1114 3543 1147 3552 ..
1162 3501 1277 3564 iuftcitur,

92 3553 101 3639 Ἰ
154 3555 347 3683 ssglggyltgeitur,
361 3554 414 3611 θΚ
424 3560 526 3626 (omues
542 3570 615 3619 codd.
631 3583 673 3632 ap.
689 3569 798 3621 Sdmas.
811 3584 895 3622 exerc.
906 3585 932 3634 p.
945 3575 986 3619 20.
998 3586 1022 3620 a
1035 3569 1075 3630 c,
1085 3567 1165 3631 Rob.)
1186 3567 1276 3632 itfifut‘-

187 3692 203 3770 ᾗ
216 3695 256 3740 65.
274 3689 373 3755 alioqui,
385 3693 409 3742 d.
427 3733 460 3743 -
477 3711 515 3757 ac,
525 3699 558 3749 Β.
576 3707 610 3763 at,
622 3703 646 3752 d.
665 3710 694 3764 et,
706 3703 773 3754 Βοὴ.
790 3742 822 3753 ..
842 3701 918 3752 lacum
930 3699 1015 3761 Iudae,
1026 3702 1059 3752 R·
1071 3739 1105 3750 -
1120 3696 1275 3762 A'PMWW

153 3764 184 3820 ct,
196 3765 232 3808 ua
242 3772 290 3810 nos
301 3760 456 3824 scripsimus.
478 3760 616 3825 Arpialtiu
626 3775 656 3828 et,
668 3770 723 3819 Rd.
748 3766 907 3831 Acpialtiteo,
917 3769 984 3819 Βοὴ.
996 3764 1048 3832 βγ.
1072 3768 1115 3819 De
1126 3768 1238 3832 genitivo
1249 3778 1274 3822 u.

152 3827 186 3875 ad
202 3831 298 3888 36,16.
313 3829 373 3878 coll.
390 3828 423 3878 ed
438 3834 480 3892 35,
498 3836 539 3880 41.
561 3832 705 3897 Exscripsit
721 3835 802 3888 Solia.
820 3841 843 3896 1,
860 3841 901 3886 δὴ.
919 3873 952 3885 -
974 3835 1059 3898 amuis,
1077 3836 1102 3887 d.
1119 3876 1152 3887 ..
1169 3852 1275 3903 currem

153 3893 246 3956 bunut,
259 3897 283 3946 d.
301 3936 334 3944 -
351 3912 398 3945 nou
408 3895 468 3960 quit,
479 3890 647 3963 Rucoupc
659 3898 751 3962 (Βοὴ.)
774 3900 860 3963 nequit,
871 3897 901 3963 β.
919 3943 951 3953 -
962 3901 1018 3966 filo,
1028 3905 1054 3956 Β
1065 3901 1158 3968 (Βοὴ.)
1170 3904 1236 3969 filio,
1248 3909 1273 3960 d.

152 3999 185 4009 ..
202 3975 278 4024 quem,
293 3963 353 4014 R²d
369 3960 457 4026 (codd.
474 3963 582 4017 Salmas.
598 3967 617 4016 l.
632 3967 650 4017 l.
662 3969 702 4029 Β,
716 3964 796 4030 Βοὴ.)
818 3984 869 4032 que,
882 3970 926 4020 alii
938 3973 1011 4022 codd.
1024 3974 1145 4026 eiusdem.
1167 3989 1273 4039 quoueur,

151 4026 197 4076 1³¹.
213 4029 280 4080 Num
292 4030 359 4080 Pliu.
371 4032 423 4082 iam
434 4033 506 4084 nouit
517 4034 672 4099 adscivitque
682 4034 864 4100 seminiflui,
876 4053 941 4104 quac
956 4040 1050 4104 legitur
1060 4046 1128 4108 apud
1135 4043 1234 4096 Arnob.
1248 4048 1272 4104 l,

152 4096 211 4145 sou
221 4095 322 4156 filorum
334 4114 396 4161 quae
406 4098 497 4166 velfiii
505 4099 575 4165 quod,
587 4101 697 4154 Salmas.
709 4144 741 4155 ..
760 4104 874 4170 infecerit,
885 4108 923 4157 Β2
935 4105 1027 4171 (Βοὴ.)
1044 4117 1068 4159 et
1078 4109 1193 4174 infecerit,
1204 4109 1271 4161 R'd.

152 4198 184 4209 ..
202 4163 349 4227 animalium,
368 4159 397 4216 θ.
416 4207 448 4217 ..
466 4182 524 4230 ecee,
543 4161 573 4220 θ.
592 4211 624 4220 -
641 4170 755 4236 abicique,
770 4174 835 4224 Rob.
853 4173 978 4240 obiicique,
994 4171 1073 4242 Ββγ.
1096 4175 1183 4241 aiiii,
1195 4180 1219 4230 d.
1238 4214 1270 4229 .-

150 4233 265 4292 9esuua,
276 4225 362 4284 Βθο.
379 4237 701 4302 putara‚uarbar.,1tob.
713 4235 743 4302 β.
761 4247 876 4307 aumas,
891 4235 981 4296 0¹Tu.
