2896 4800
185 284 245 346 142
538 297 742 344 sarnanum
763 297 959 346 nrsronrsn

184 473 298 531 uvam,
325 446 485 537 gladium,
517 469 637 527 semaa,
666 448 825 516 cucumim
852 472 928 517 vero
956 461 988 517 st
1017 452 1122 518 colore
1151 465 1183 520 et
1208 456 1307 523 odore

187 553 332 631 similem,
363 571 427 634 quo
449 548 555 614 minus
576 549 729 616 miremur
750 572 906 635 equorum
927 552 1033 639 capita
1053 553 1089 618 in
1111 564 1176 619 tam
1196 559 1307 643 parvis

184 656 322 723 eminere
343 650 470 718 cocleis.
542 687 545 692 ·

226 756 289 822 ΙΠ.
311 757 342 818 2.
363 750 519 818 Pluruma
532 762 641 818 autem
655 761 688 818 et
704 774 854 819 maxuma
868 755 1016 823 animalia
1036 755 1071 821 in
1083 728 1199 824 Indicd
1212 761 1303 840 mari,
1318 780 1334 822 4

185 884 226 928 ex
250 856 368 942 quibus
399 851 554 919 balaenae
580 863 771 938 quaternum
803 855 968 940 iugerum,
999 858 1115 943 pristes
1145 859 1304 926 ducenum

183 961 376 1035 cubitorum,
398 954 519 1041 qnippe
540 954 597 1020 ubi
618 955 761 1021 locustae
775 965 932 1040 quaterna
946 957 1054 1023 cubita
1066 959 1221 1045 inpleant,
1245 985 1303 1026 an-

182 1061 300 1151 guillae
321 1077 449 1142 quoque
469 1056 504 1121 in
527 1054 645 1144 Gange
667 1077 760 1122 amne
782 1056 921 1123 tricenos
942 1059 1055 1143 pedes.
1078 1057 1147 1127 Sed
1167 1062 1202 1127 in
1222 1063 1303 1127 mari

180 1165 294 1232 beluae
316 1160 400 1225 circa
421 1156 554 1222 solstitia
575 1179 726 1223 maxume
747 1157 905 1222 visuntur.
927 1157 1022 1225 Tune
1042 1160 1107 1225 illic
1121 1172 1219 1228 munt
1233 1173 1331 1229 tur-s

180 1265 285 1342 hines,
313 1271 390 1325 tunc
415 1258 546 1337 imbres,
574 1268 651 1324 tunc
678 1259 820 1325 deiectae
847 1259 1002 1325 montium
1028 1260 1116 1348 iugis
1142 1265 1302 1350 procellae

181 1368 222 1433 ab
243 1366 308 1430 imo
329 1368 461 1428 vertunt
485 1357 589 1423 maria
612 1358 823 1445 pulsatasque
846 1380 887 1426 ox
907 1360 1068 1447 profundo
1094 1363 1207 1432 beluas
1228 1388 1301 1432 cum

180 1465 333 1533 fiuctibus
360 1461 503 1539 volvont,
534 1468 568 1525 et
594 1460 672 1525 alias
699 1471 787 1525 tanta
813 1461 1010 1546 thynnorum
1035 1465 1238 1533 multitudine
1264 1478 1302 1533 ut

180 1566 291 1654 magni
311 1560 491 1629 Alexandri
512 1560 624 1627 classis
643 1561 731 1627 haud
751 1562 815 1629 alio
836 1564 932 1631 modo
952 1585 1051 1649 quam
1070 1567 1210 1633 hostium
1231 1569 1300 1635 acie

180 1668 276 1737 obvia
298 1662 492 1732 contrarium
506 1662 774 1749 agmen-adversa
786 1664 891 1731 fronte
906 1664 1077 1744 direxerit3
1099 1666 1192 1732 aliter
1205 1691 1298 1754 spar-

181 1772 226 1838 sis
247 1790 312 1834 non
332 1774 402 1831 erat
423 1764 569 1830 evadere.
605 1763 681 1830 Non
702 1786 800 1846 voce,
826 1788 891 1832 non
913 1769 1035 1847 sonitu,
1063 1788 1129 1833 non
1149 1768 1216 1834 ictu
1239 1770 1298 1834 sed

179 1875 308 1961 fragore
330 1876 491 1934 terrentur
511 1888 571 1933 nee
591 1865 654 1931 nisi
667 1866 761 1932 ruina
775 1865 955 1933 turbantur.
979 1869 1107 1956 Gadara
1120 1869 1326 1956 appellatura

178 1972 269 2040 rubri
288 1967 387 2035 maris
406 1967 594 2054 paeninsula
613 1968 745 2055 ingens3
767 1967 863 2034 huius
884 1969 1013 2036 obiectu
1034 1982 1145 2038 vastus
1160 1971 1298 2036 efficitur

179 2074 268 2140 sinus
290 2069 459 2136 duodecim
479 2067 604 2136 dierum
625 2078 658 2135 et
678 2068 819 2136 noctium
845 2070 980 2160 remigio
1009 2072 1196 2159 enavigatus
1216 2072 1296 2138 Pto-

177 2177 300 2242 lemaeo
321 2170 403 2260 regi,
426 2170 554 2254 quando
575 2169 694 2235 nullius
715 2191 812 2235 aurae
830 2171 946 2257 recipit
963 2171 1083 2238 flatum.
1105 2172 1216 2240 Huius
1234 2174 1296 2241 loci

177 2277 285 2363 quiete
305 2273 479 2361 praecipue
501 2272 544 2338 ad
564 2272 749 2338 inmobilem
769 2271 1022 2359 magnitudinem
1050 2272 1166 2341 beluae
1188 2275 1295 2343 adole-

178 2388 283 2447 scunt.
306 2373 472 2442 Gedrosos
492 2373 550 2458 qui
563 2371 701 2440 Arabim
721 2392 849 2440 amnem
869 2373 1021 2442 adcolunt
1033 2373 1214 2443 Alexandri
1227 2401 1296 2445 ma-
1310 2389 1324 2436 7

178 2478 235 2569 gni
258 2475 407 2542 classium
428 2474 585 2560 praefecti
605 2473 818 2561 prodiderunt
838 2475 872 2540 in
894 2476 1042 2544 domibus
1058 2477 1144 2543 fores
1158 2480 1297 2546 maxillis

177 2578 348 2646 beluarum
368 2576 483 2654 iecere,
511 2574 638 2641 ossibus
660 2585 746 2642 tecta
773 2577 969 2664 contignare,
992 2600 1034 2644 ex
1055 2577 1176 2664 quibus
1197 2579 1298 2645 multa

177 2678 420 2766 quadragenum
440 2675 620 2743 cubitorum
641 2677 852 2766 longitudinis
872 2689 1009 2766 reperta.
1030 2677 1165 2747 Exeunt
1185 2689 1218 2748 et
1236 2702 1296 2768 pe-

178 2781 244 2848 cori
265 2779 384 2847 similes
403 2777 519 2846 beluae
539 2777 586 2844 ibi
605 2779 640 2846 in
661 2789 779 2846 terram
800 2792 977 2868 pastaeque
996 2783 1122 2849 radices
1143 2782 1296 2849 fruticum

126 2906 129 2911 ·
177 2891 323 2974 remeant
343 2891 377 2948 et
391 2880 549 2966 quaedam
563 2902 729 2966 equorum,
751 2881 925 2964 asinorum,
947 2893 1111 2952 taurorum
1125 2884 1295 2971 capitibus,

177 3004 262 3069 qnae
282 2983 499 3071 depascuntur
520 2991 599 3049 sata.

210 3190 323 3257 mesaia,
335 3194 360 3244 d.
383 3180 505 3260 meamiffl,
516 3193 550 3255 R,
571 3194 641 3258 quod
654 3193 741 3246 nescio
757 3209 792 3245 en
807 3194 970 3247 audaciorem
981 3209 1027 3260 per
1047 3195 1149 3259 synesin
1162 3195 1296 3246 defendere

176 3261 266 3324 possis.
284 3300 317 3310 ..
334 3259 368 3321 in,
380 3261 462 3310 omitt
473 3261 527 3312 Τά.
545 3300 577 3311 -
592 3261 727 3324 partiali.

210 3331 262 3390 §A
279 3325 406 3386 camolia,
417 3341 486 3390 pone
496 3325 561 3375 mari
575 3328 704 3380 cossoeant
719 3323 770 3395 βγ.
789 3369 821 3379 ..
839 3341 877 3390 er,
893 3329 948 3379 Rd·
974 3342 994 3390 θ,
1010 3322 1063 3391 ssr·
1081 3323 1242 3387 -'l⁰⁶¹¹³i⁰⁶²
1258 3343 1293 3376 ⁵⁰·

176 3393 291 3443 mamaea
308 3395 368 3445 Hoc
383 3395 569 3457 praetervidens
585 3394 690 3448 Gesner.
706 3397 766 3449 hist.
782 3396 860 3448 anim.
877 3400 901 3457 4,
917 3397 976 3445 487.
991 3395 1078 3444 locum
1089 3401 1234 3457 corruptum
1247 3394 1293 3442 ha-

176 3461 228 3512 bet.
247 3501 279 3510 ..
297 3459 426 3527 anguillae,
437 3476 461 3511 r.
473 3461 556 3513 Solin.
568 3468 608 3525 52,
620 3471 662 3515 41.

210 3531 225 3595 §
239 3535 263 3579 5.
279 3526 371 3590 valvae,
381 3524 411 3591 β.
424 3570 456 3579 ..
474 3535 498 3578 et
507 3527 567 3592 elin,
578 3547 599 3582 r.
611 3572 645 3582 ..
663 3529 814 3597 ripaeorum
826 3536 871 3580 aut
880 3526 966 3579 Plinio
978 3536 1024 3579 aut
1032 3527 1136 3579 librario
1148 3527 1199 3579 hac
1210 3528 1237 3577 in
1247 3542 1294 3577 vo-

176 3611 206 3648 cs
217 3611 328 3649 errorem
339 3597 449 3662 imputat
460 3597 564 3650 Gesner.
576 3599 593 3650 l.
605 3599 623 3650 l.
633 3605 658 3660 4,
671 3603 730 3649 lea
747 3601 804 3648 724.
822 3637 854 3647 ..
871 3594 995 3660 direxerit,
1006 3597 1052 3649 Re
1071 3594 1151 3658 daca,
1163 3599 1208 3648 R¹.
1231 3593 1294 3646 dire·

176 3664 220 3727 ait,
231 3666 255 3715 d.
274 3705 307 3715 ..
323 3665 422 3729 sparsis,
439 3674 525 3731 aperte
537 3673 575 3716 est
586 3673 732 3731 eonuptum
743 3679 826 3728 neque
842 3663 985 3716 defenditur
995 3681 1040 3732 per
1051 3665 1178 3718 Harduini
1193 3672 1293 3714 contor-

176 3739 230 3784 tam
240 3734 485 3798 interpretationem:
497 3735 536 3796 „si
547 3749 648 3798 sparsae
659 3748 738 3783 naves
749 3732 858 3784 fuissent
869 3740 895 3783 et
903 3750 919 3784 a
927 3749 955 3785 se
966 3736 1074 3785 invicem
1087 3734 1233 3789 disiunctae,
1245 3732 1294 3779 nisi

175 3815 268 3864 agmen
279 3803 415 3864 stipassent
425 3815 455 3851 ac
466 3801 550 3851 densis
562 3801 639 3850 simul
649 3801 779 3850 ordinibus
789 3801 960 3863 incessissent,
976 3803 1084 3854 luissent
1094 3802 1154 3850 illae
1165 3799 1236 3849 haud
1248 3799 1293 3844 du-

174 3869 216 3918 bie
227 3869 334 3919 adverso
350 3869 507 3931 thynnorum
522 3869 671 3919 irruentium
686 3868 788 3932 agmine
799 3870 881 3920 victae
893 3878 920 3920 et
930 3869 1061 3920 obrutae.”
1078 3869 1113 3917 Et
1125 3866 1166 3914 cui
1176 3865 1245 3914 bono
1257 3863 1294 3912 ita

175 3934 303 3984 adiectum
319 3941 358 3985 est
373 3933 460 3986 aliteri
482 3936 631 3998 Lagentium
647 3943 687 3986 est
701 3935 794 3998 acrisia
808 3952 873 4002 quae
884 3938 974 3988 hastas
984 3932 1173 3992 Macedonicae,
1185 3945 1293 3994 quarum

175 3995 317 4064 ἀφύκτους
325 3995 434 4065 πληγὰς
444 4002 505 4052 dicit
513 4002 622 4067 Dionys.
634 4010 687 4053 ant.
698 4003 775 4056 Rom.
787 4010 810 4067 5,
822 4008 871 4066 15,
879 4005 947 4054 unde
956 4019 998 4053 eas
1012 4003 1040 4052 in
1047 3998 1208 4064 proverbium
1217 3998 1292 4048 abiis-

176 4082 203 4117 se
214 4066 330 4117 ridemus
341 4066 411 4128 apud
422 4075 519 4118 auctor.
532 4070 565 4118 ad
575 4071 686 4121 Herenn.
697 4071 746 4122 IV.
758 4078 801 4133 ³2,
813 4077 863 4132 43,
873 4070 940 4120 Plin.
950 4071 986 4119 ait
996 4082 1050 4118 non
1060 4066 1170 4116 multum
1182 4063 1293 4116 abfuisse

175 4133 238 4197 quin
250 4148 270 4181 a
277 4131 382 4194 thynnis
393 4142 577 4196 superarentur.
595 4137 774 4203 corruptelam
788 4139 909 4202 vulgatae
920 4137 1057 4200 scripturae
1069 4133 1179 4184 sentiens
1193 4135 1232 4183 vir
1247 4137 1293 4184 do·

175 4209 232 4250 ctus
242 4198 313 4263 apud
322 4196 412 4248 Deles.
433 4199 522 4264 rpeiam
532 4204 647 4256 coniecit.
663 4214 698 4255 ’..
721 4202 821 4254 evadas
836 4202 879 4268 qui
892 4218 946 4265 eon,
961 4202 1069 4255 Massar.
1082 4201 1116 4251 K.
1133 4242 1165 4251 ..
1183 4218 1229 4251 non
1245 4203 1293 4251 ictu

174 4263 337 4331 recise-epm
353 4279 448 4330 magua
458 4267 486 4320 in
496 4269 538 4322 his
548 4272 655 4325 vocibus
667 4273 818 4337 ecmuptsla
845 4270 951 4336 Thynui
962 4271 1030 4322 enim
1040 4269 1089 4322 nisi
1101 4271 1187 4322 sonitu
1198 4279 1291 4322 terren·
