2896 4800
195 267 257 331 144
541 281 745 331 usruusms
767 282 964 333 merome

193 435 289 501 uibus
310 433 520 501 adsimulatis.
541 433 700 501 Nereidas
722 456 800 502 vero
821 435 940 501 multas
953 433 1132 502 Turranius
1154 439 1360 524 prodidit311

193 535 362 622 expulsam
378 535 506 602 beluam
519 535 553 600 in
569 533 732 603 Gaditano
753 537 858 615 litore,
879 537 971 604 cuius
992 537 1076 604 inter
1097 540 1179 606 duas
1199 541 1317 628 pinnas

192 637 324 703 ultimae
345 637 468 702 caudae
489 636 599 703 cubita
620 637 760 704 sedecim
778 638 926 717 fuissent,
948 638 1062 705 dentes
1077 640 1222 708 eiusdem
1235 665 1315 722 cxx,

191 739 333 804 maxumi
360 738 565 805 dodrantium
590 761 759 818 mensura,
786 740 921 805 minumi
948 741 1158 827 semipedum.
1194 743 1315 812 Beluae

191 840 244 906 cui
271 839 439 906 dicebatur
465 841 613 928 exposita
640 841 741 907 inisse
768 841 978 906 Andromeda
1005 863 1080 907 ossa
1105 842 1227 911 Romae
1255 847 1315 911 ad·

189 954 318 1031 portata
345 965 389 1008 ex
414 942 534 1029 oppido
555 941 698 1009 Iudaeae
718 941 799 1029 Iope
826 940 967 1009 ostendit
993 943 1080 1009 inter
1107 945 1232 1030 reliqua
1251 949 1313 1014 mi-

189 1043 299 1110 racula
318 1043 353 1108 in
374 1043 537 1109 aedilitate
559 1066 619 1110 sua
639 1043 689 1109 M.
711 1040 868 1124 Scaurus,
896 1043 1096 1132 longitudine
1116 1047 1238 1133 pedum
1257 1072 1313 1128 xx,

190 1143 360 1213 altitudine
374 1154 536 1211 costarum
548 1142 680 1211 Indicos
694 1143 880 1232 elephantos
895 1145 1081 1226 excedente,
1097 1147 1210 1233 spinae
1224 1172 1312 1216 cras·

189 1245 329 1312 situdine
351 1244 580 1332 sesquipedali.

231 1346 293 1413 VI.
316 1348 346 1412 5.
373 1345 534 1412 Balaenae
557 1355 589 1412 et
614 1345 649 1411 in
669 1356 781 1412 nostra
805 1347 909 1412 maria
928 1357 1110 1434 penetrant.
1144 1348 1186 1416 In
1207 1347 1311 1417 Gadi·
1325 1371 1356 1415 12

190 1458 265 1515 tano
293 1469 412 1514 oceano
438 1471 504 1514 non
530 1458 606 1514 ante
632 1447 779 1514 brumam
806 1449 950 1535 conspici
971 1472 1026 1516 eas
1048 1448 1191 1530 tradunt,
1218 1452 1311 1518 condi

189 1560 298 1615 autem
325 1549 415 1615 statis
444 1548 643 1636 temporibus
669 1550 704 1614 in
730 1549 870 1634 quodam
898 1551 971 1616 sinu
995 1551 1124 1639 placido
1145 1563 1179 1618 et
1200 1554 1311 1639 capaci

187 1651 269 1717 mire
290 1650 461 1737 gaudentis
481 1648 527 1716 ibi
547 1671 680 1736 parere3
702 1650 765 1717 hoc
786 1650 868 1718 scire
889 1674 992 1732 orcas,
1014 1651 1164 1719 infestam
1180 1653 1231 1719 his
1250 1654 1308 1721 be-

187 1752 275 1820 luam
301 1761 335 1817 et
362 1751 454 1818 cuius
479 1751 588 1841 imago
616 1751 706 1817 nulla
730 1754 1024 1840 repraesentatione
1051 1754 1188 1842 exprimi
1207 1755 1310 1842 possit

188 1855 251 1921 alia
270 1875 368 1939 quam
389 1853 494 1920 carnis
514 1853 680 1920 inmensae
707 1854 857 1921 dentibus
879 1855 1077 1922 truculentae
1083 1879 1093 1932 3
1121 1855 1310 1943 inrumpunt
1399 1913 1402 1921 .

188 1979 266 2046 ergo
292 1955 327 2021 in
352 1964 477 2023 secreta
504 1978 544 2022 ao
569 1956 687 2022 vitulos
715 1977 825 2022 earum
851 1966 909 2022 aut
939 1957 1021 2024 fetas
1049 1957 1102 2024 vel
1134 1957 1309 2024 etiamnum

187 2058 341 2148 gravidas
367 2056 532 2124 lancinant
558 2079 669 2123 morsu
689 2057 885 2143 incursuque
907 2080 967 2125 ceu
987 2057 1234 2125 Libuunicarum
1252 2082 1307 2126 ro·

187 2160 262 2226 stris
287 2159 422 2226 fodiunt.
457 2158 538 2226 Illae
564 2159 606 2224 ad
634 2158 756 2226 flexum
781 2159 965 2238 inmobiles,
991 2160 1034 2224 ad
1060 2159 1307 2248 repugnandum
1322 2177 1354 2222 13

185 2261 306 2328 inertes
327 2273 359 2327 et
379 2261 522 2348 pondere
545 2284 603 2328 suo
624 2270 785 2342 oneratae,
814 2271 892 2328 tunc
913 2261 1044 2347 quidem
1066 2271 1100 2328 et
1118 2271 1210 2328 utero
1231 2284 1307 2348 gra·

185 2386 243 2431 ves
268 2362 455 2449 pariendive
480 2363 595 2449 poenis
622 2362 783 2430 invalidae
816 2363 921 2429 solum
946 2362 1102 2428 auxilium
1127 2384 1247 2430 novere
1274 2362 1309 2427 in

171 2467 286 2543 ,altum
306 2464 481 2550 profugere
503 2474 536 2530 et
558 2486 594 2529 se
615 2473 682 2529 toto
704 2463 884 2530 diffundere
906 2484 1045 2543 ocean03
1073 2473 1186 2530 contra
1212 2486 1308 2530 orcae

185 2586 354 2631 occurrere
378 2564 528 2630 laborant
555 2586 691 2650 seseque
718 2586 881 2652 opponere
910 2575 943 2631 et
970 2574 1118 2632 caveatas
1147 2563 1307 2653 angustiis

186 2665 366 2746 trucidare,
394 2664 429 2729 in
454 2665 538 2730 vada
564 2688 723 2754 urguere,
751 2666 838 2733 saxis
865 2666 1010 2733 inlidere.
1047 2664 1243 2753 Spectentur
1268 2687 1307 2731 ea
1321 2683 1353 2728 14

185 2766 309 2855 proelia
329 2788 390 2833 ceu
410 2766 492 2833 mari
512 2765 576 2853 ipsi
598 2766 660 2833 sibi
680 2767 772 2847 irato,
793 2767 889 2834 nullis
910 2767 945 2833 in
966 2768 1040 2833 sinu
1060 2768 1177 2847 ventis,
1198 2765 1305 2834 flucti-

185 2869 248 2934 bns
268 2889 346 2936 vero
372 2867 415 2932 ad
444 2867 603 2934 anhelitus
629 2867 778 2953 ictusque
808 2879 947 2955 quantos
968 2868 1048 2937 nulli
1071 2869 1215 2937 turbines
1236 2869 1306 2935 vol-

187 2979 276 3038 vont.
298 2969 387 3038 Orca
402 2981 435 3037 et
448 2969 483 3035 in
495 2979 593 3058 portu
607 2967 752 3037 Ostiensi
766 2970 838 3038 visa
852 2981 911 3051 est,
932 2982 1122 3061 oppugnata
1134 2995 1155 3038 a
1170 2969 1306 3039 Claudio

219 3179 378 3243 adsimulata,
389 3183 421 3234 lt
439 3180 587 3244 usdmslmb,
598 3180 651 3233 Τὰ.

219 3251 287 3313 511.
309 3249 494 3310 Ruminali.
519 3243 687 3311 iteratur.
709 3248 853 3312 ssucunboe,
866 3250 891 3300 d.
909 3290 941 3300 ..
962 3246 1228 3308 &mmmmm
1253 3246 1304 3299 Ga-

186 3313 367 3378 (litorelitore,
382 3312 499 3382 Βῑὰβγ.
518 3358 550 3367 ..
565 3333 665 3382 pransa
682 3318 737 3368 Bd.
755 3357 788 3368 ..
805 3315 871 3381 Iope,
887 3317 941 3367 aa
966 3314 1049 3379 Ioppe,
1065 3309 1117 3378 βγ.
1144 3313 1263 3364 Ceterum
1279 3330 1304 3362 r.

186 3381 267 3433 Sclin.
280 3389 321 3445 34,
333 3390 358 3434 2.
375 3424 408 3434 ..
419 3382 568 3445 ὀπώπεε,
580 3388 604 3435 (1.

220 3451 235 3514 §
249 3455 288 3500 12.
305 3449 384 3512 aaut,
395 3451 440 3501 Bt
458 3451 549 3514 auctis,
560 3452 634 3502 R'2'l'.
652 3452 741 3514 ataui,
754 3452 779 3501 d.
796 3448 903 3511 mmai,
914 3467 935 3512 r,
946 3451 1016 3512 quod
1025 3446 1137 3512 praefert
1146 3448 1177 3497 L.
1191 3446 1303 3497 Gronov.

185 3557 218 3568 ...
236 3515 359 3578 miratu.
383 3534 416 3580 rc,
433 3518 513 3569 B¹d¹.
540 3535 587 3581 ore,
600 3521 666 3570 Td².
685 3560 717 3569 ..
735 3517 833 3579 catalos,
848 3518 928 3568 Haud.
946 3558 978 3567 ..
997 3523 1047 3578 aut,
1064 3507 1158 3566 Beer.
1181 3522 1211 3576 et,
1222 3509 1251 3577 β.
1270 3555 1303 3566 ..-

178 3583 256 3650 sstas,
272 3577 322 3636 θᾶ.
331 3585 409 3648 fetae,
420 3587 490 3652 Brr.
503 3627 535 3636 ...
553 3585 656 3649 calidas,
667 3589 712 3640 R¹.
725 3626 757 3636 ..
775 3584 922 3648 indumque,
934 3586 959 3635 d.
976 3584 1120 3648 inersque,
1136 3583 1169 3634 R.
1187 3584 1304 3634 incamus-

185 3668 238 3716 quc,
249 3648 279 3715 β.
297 3694 330 3703 ..
347 3661 444 3716 rostras,
459 3654 513 3705 Itd.
533 3654 578 3705 An
593 3656 660 3705 Plin.
676 3654 776 3718 scripsit
791 3659 876 3716 rostro,
891 3655 975 3718 prime
989 3654 1117 3720 sequentis
1133 3654 1204 3703 vocis
1220 3653 1305 3702 littera

186 3735 244 3770 cum
256 3736 333 3786 parva
344 3722 485 3773 mutatione
496 3723 536 3773 illi
546 3723 602 3773 voci
614 3723 717 3773 adfixa?

221 3785 236 3848 5
250 3795 289 3838 18.
306 3787 381 3852 Illae,
392 3790 448 3841 Rd.
465 3788 523 3852 Ille,
534 3792 564 3841 T.
582 3787 646 3850 Illa,
656 3785 686 3852 β.
704 3829 737 3840 ,.
757 3794 811 3850 toto,
822 3791 846 3841 d.
864 3795 917 3851 eote,
928 3791 975 3841 13¹.
993 3798 1048 3852 tute,
1060 3791 1105 3842 3².
1122 3791 1165 3840 Ex
1176 3788 1217 3837 his
1228 3786 1303 3835 vcsti-

187 3853 235 3916 giis
251 3856 368 3906 codicum
384 3865 410 3908 et
425 3860 548 3922 scriptura
563 3858 697 3922 proximae
716 3855 786 3908 vocis
801 3858 870 3909 Plim
892 3865 981 3906 tamnu
997 3858 1127 3920 scripsisse
1142 3855 1248 3902 videtur.
1271 3892 1303 3899 -

187 3917 329 3984 diffundere,
341 3926 365 3972 d.
383 3922 501 3987 desudare,
512 3925 545 3975 R.
563 3923 696 3988 defendere,
706 3919 758 3990 βγ.
777 3964 809 3975 -
826 3932 946 3986 sumtus,
957 3925 1037 3976 Hard.
1049 3925 1082 3973 R.
1098 3927 1201 3978 mustus,
1217 3911 1245 3995 Ιθ.
1263 3934 1304 3965 cc-

187 3993 264 4046 vatas,
275 4004 295 4036 r.
314 3998 432 4051 macutes,
443 3993 477 4043 K.
494 3992 611 4053 incautas,
623 3993 676 4044 Τὰ.
694 3991 804 4053 matium,
815 3988 844 4055 β.
863 3991 979 4054 opacus,
990 3991 1059 4042 Pint
1077 4026 1109 4036 -
1127 3991 1258 4048 “What
1270 3987 1303 4035 Κ·

220 4056 288 4117 514.
306 4055 391 4116 wanti
405 4057 469 4107 nullo
486 4060 585 4121 turbine,
600 4076 621 4110 r.
640 4049 676 4109 ..⁰
690 4058 791 4118 volvunt,
808 4060 876 4110 But
897 4055 985 4117 voluat,
997 4057 1052 4105 d¹r.
1078 4050 1181 4114 volvant,
1201 4044 1251 4117 θγ.
1271 4095 1303 4103 .-

192 4119 342 4183 Veaeratum,
359 4125 384 4174 d.
412 4119 539 4195 vcussllctti,
554 4128 587 4178 R.
619 4126 723 4177 Venerat
740 4121 862 4192 msssl‘·
881 4163 913 4173 ..
931 4120 1252 4183 comannorum
1270 4163 1303 4171 .-

188 4185 287 4248 θαῑίἰιὶς,
299 4187 352 4238 Τὰ.
370 4231 402 4241 ..
421 4183 1304 4257 ααωηαιαω,κθτ111(1ω1)π.111)αωκωιιιοω,β.41111111

184 4261 208 4304 ee
223 4269 300 4304 meaa
313 4253 347 4321 in,
363 4259 452 4312 Dulce.
472 4302 502 4313 ..
520 4276 642 4327 superum,
653 4262 743 4313 Amba
755 4261 776 4312 L
789 4260 826 4312 11.
846 4272 944 4324 meno,
956 4257 988 4310 lt
1006 4296 1038 4310 ..
1056 4255 1304 4322 propulsatiuetibus
