2896 4800
371 273 442 320 nm.
459 272 519 322 xv.
548 271 627 319 aar.
641 271 716 320 x1v.
732 271 793 318 xv.
822 268 921 318 sncn.
937 270 1026 314 Μ.
1196 253 1259 318 461

137 428 217 494 triae
238 426 369 492 nomina
389 424 509 490 habent
530 423 692 490 serissima
720 422 861 489 omnium
882 419 1050 498 Amerina,
1079 420 1260 498 Picentina,

137 526 345 605 Numantina,
366 524 599 602 Alexandrina,
621 521 827 604 Numidiana,
855 520 992 601 Graeca,
1021 530 1053 587 et
1075 543 1146 587 esse
1166 522 1201 586 in
1221 520 1261 587 iis

137 629 321 707 Tarentina,
344 625 481 716 Signina
502 649 585 712 quae
599 626 653 691 ulii
669 649 689 690 a
703 626 807 692 colore
822 635 963 690 testacea
982 622 1155 710 appellant,
1179 621 1263 686 sicut

137 730 308 815 onychina,
335 751 512 816 purpurea3
541 728 582 794 ab
611 728 710 794 odore
735 727 892 813 myrapia,
920 726 1042 803 laurea,
1068 723 1214 802 nardina,
1242 746 1263 787 a

138 841 284 916 tempore
297 830 477 908 hordearia,
500 853 520 895 a
542 829 624 895 collo
640 830 848 916 ampullacea.
870 827 916 893 Et
931 824 1110 904 Coriolana,
1133 823 1263 888 Bruttia
1277 845 1308 890 aa

137 931 341 1020 gentilitatis,
364 931 573 1011 cucurbitina,
595 930 722 997 acidula
742 929 828 1006 suci;
850 918 972 996 incerta
987 929 1152 994 nominum
1166 947 1264 992 causa

140 1042 191 1098 est
210 1030 387 1100 barbaricis
408 1032 624 1118 Veneriisque
645 1053 727 1117 quas
751 1033 891 1099 colorata
913 1030 1036 1110 dicunt,
1058 1028 1159 1117 regiis
1179 1051 1264 1114 quae

139 1133 280 1200 minuma
301 1133 451 1221 pediculo
475 1134 613 1212 sessilia,
640 1133 802 1221 patriciis,
832 1132 991 1210 voconiis,
1019 1129 1177 1197 viridibus
1204 1129 1263 1195 ab·

139 1235 319 1323 longisque.
354 1235 527 1302 Praeterea
548 1235 632 1300 dixit
652 1236 778 1302 volema
798 1234 965 1323 Vergilius
986 1255 1006 1298 a
1029 1230 1153 1299 Catone
1176 1255 1264 1299 sum-

139 1348 206 1424 pta,
230 1338 287 1423 qui
308 1347 341 1402 et
363 1337 542 1403 sementiva
563 1346 595 1402 et
615 1348 741 1402 mustea
761 1336 914 1403 nominat.

184 1441 235 1505 17.
268 1438 350 1505 Pars
371 1438 451 1503 haec
471 1439 556 1504 vitae
577 1438 768 1525 iampridem
788 1437 935 1526 pervenit
956 1437 999 1503 ad
1020 1438 1176 1515 columen,
1206 1458 1264 1503 ex·
1279 1453 1309 1501 st

140 1542 242 1628 pertis
264 1550 379 1607 cuncta
399 1539 591 1619 hominibus,
622 1540 742 1627 quippe
770 1563 844 1607 cum
864 1539 1030 1627 Vergilius
1051 1538 1182 1604 insitum
1202 1562 1264 1605 nu-

140 1643 233 1710 cibus
260 1642 422 1720 arbutum,
451 1641 545 1706 malis
570 1640 747 1728 platanum,
776 1641 894 1708 cerasis
921 1642 1043 1707 ulmum
1065 1641 1160 1708 dicat.
1195 1640 1267 1708 Nec

139 1745 311 1830 quicquam
337 1744 474 1830 amplius
504 1742 682 1832 excogitari
710 1752 836 1830 potest3
869 1743 995 1809 nullum
1022 1753 1108 1809 certe
1135 1766 1266 1830 pomum

139 1864 258 1913 novom
278 1845 336 1911 diu
356 1846 421 1910 iam
441 1844 611 1909 invenitur.
634 1842 747 1927 Neque
761 1844 868 1908 omnia
881 1843 980 1908 insita
993 1843 1121 1909 misceri
1140 1845 1190 1909 fas
1205 1855 1265 1923 est,

142 1947 226 2013 sicut
246 1967 308 2011 nec
327 1942 439 2031 spinas
459 1944 569 2021 inseri,
598 1945 726 2028 quando
753 1944 884 2031 fulgura
912 1943 1038 2030 expiari
1058 1966 1123 2009 non
1144 1954 1268 2030 queunt

143 2049 238 2115 facile
244 2073 254 2127 3
281 2056 425 2133 quotque
447 2066 568 2131 genera
588 2045 686 2111 insita
707 2045 849 2123 fuerunt,
879 2055 925 2112 tot
950 2045 1082 2134 fulgura
1108 2068 1172 2111 uno
1200 2047 1267 2112 ictu

141 2149 398 2239 pronuntiantur.
435 2145 642 2213 Turbinatior
668 2147 748 2233 piris
774 2147 897 2234 figura3
929 2147 963 2212 in
989 2147 1030 2212 iis
1057 2149 1198 2214 serotina
1224 2149 1267 2214 ad
1281 2165 1313 2212 ss

141 2252 278 2317 hiemem
299 2271 401 2335 usque
415 2248 458 2314 ad
471 2258 606 2316 matrem
620 2249 763 2335 pendent
776 2249 853 2337 gelu
867 2249 1113 2315 maturescentia
1128 2247 1267 2330 Graeca,

143 2344 352 2438 ampullacea,
373 2350 493 2429 laurea,
515 2350 598 2416 sicut
615 2351 650 2415 in
664 2350 758 2416 malis
771 2351 937 2430 Amerina,
961 2348 1152 2418 Scaudiana.
1177 2350 1266 2419 Con·

144 2455 265 2519 duntur
286 2475 362 2519 vero
383 2451 455 2539 pira
475 2462 513 2517 ut
532 2472 616 2518 uvae
637 2474 676 2518 aa
698 2451 832 2525 totidem
852 2452 967 2532 modis,
995 2475 1100 2538 neque
1125 2454 1213 2520 aliud
1232 2453 1268 2520 in

145 2555 233 2623 cudis
255 2564 489 2641 praeterquam
503 2575 636 2640 prunae.
669 2553 780 2620 Pomis
801 2555 1014 2642 proprietates
1035 2542 1178 2642 pirisque
1199 2555 1268 2623 vini

146 2656 357 2742 similiterque
385 2656 419 2721 in
446 2654 553 2744 aegris
580 2654 747 2721 medentes
775 2666 907 2736 cavent3
941 2679 979 2723 ac
1011 2657 1088 2723 vino
1120 2668 1153 2723 et
1182 2679 1268 2743 aqua

178 2849 247 2911 555.
265 2846 379 2910 alioquin,
391 2865 414 2898 a
437 2845 536 2911 alioqui,
548 2849 596 2912 dr.
615 2888 647 2898 -
666 2856 741 2910 erunt,
759 2851 790 2900 Τ.
809 2891 841 2902 ..
859 2849 1000 2911 Ameriaua,
1016 2867 1040 2903 a.
1059 2892 1090 2900 ..
1109 2850 1267 2912 Picmtiuam,

143 2912 176 2964 D.
196 2953 228 2962 ..
245 2912 407 2976 Numantina,
426 2915 449 2963 d.
477 2912 575 2976 minuta,
593 2914 670 2967 STa.
689 2955 721 2965 ..
739 2915 896 2978 Numicium,
917 2909 1015 2968 Orat.
1039 2918 1173 2980 Numiaua,
1190 2919 1216 2971 S.
1235 2959 1267 2969 -

144 2979 247 3040 ιῑῑῑίη,
259 2981 294 3030 D.
312 2987 405 3028 etasset
416 2981 448 3041 iu,
461 2997 484 3030 a.
502 2976 650 3046 etiu,dssr.
670 3022 702 3031 ..
720 2981 749 3043 ir,
758 2984 791 3033 D.
809 2982 929 3048 irmadr.
948 3026 980 3035 ..
1002 2985 1177 3036 Tarantiuiaua
1187 2986 1267 3049 siqua,

144 3062 167 3098 a.
189 3046 315 3097 Tarentini
323 3046 402 3111 siqua,
415 3049 439 3097 d.
459 3087 491 3096 ..
509 3063 533 3107 a,
550 3063 600 3096 om.
618 3063 642 3098 a.
661 3088 692 3097 -
711 3056 800 3110 stacea,
818 3068 842 3101 a.
860 3091 892 3100 -
910 3051 1042 3116 mprrapia,
1055 3054 1080 3102 d.
1098 3094 1130 3103 ..
1149 3069 1173 3116 a,
1185 3055 1267 3103 omitt.

144 3115 189 3165 ud.
209 3153 239 3164 ..
258 3112 392 3176 bordiaria,
404 3131 427 3163 a
445 3154 477 3163 ..
496 3129 513 3162 a
524 3112 653 3176 eollo,Kd.
671 3112 754 3176 eollea,
766 3133 789 3166 a.
806 3112 911 3180 collad.

178 3200 247 3262 §bb
264 3196 301 3246 Et
319 3195 454 3260 Cariniana,
467 3200 512 3248 ad.
536 3214 554 3247 a
570 3197 633 3247 caria
650 3197 726 3261 lanea,
738 3200 817 3251 Κατὰ.
833 3215 859 3266 γ.
877 3243 909 3251 ..
927 3201 1036 3264 Bruttia,
1048 3204 1124 3263 Pina,
1141 3206 1184 3268 qai
1200 3215 1268 3256 recte

144 3265 209 3315 vidit
220 3266 270 3317 hoc
282 3280 378 3316 nomen
390 3281 447 3316 cum
459 3266 577 3330 proxime
588 3268 749 3330 praecedenti
760 3269 794 3317 ad
804 3266 944 3333 pestilitatis
955 3271 1087 3334 pertinere.
1106 3271 1183 3334 bruta,
1197 3272 1266 3338 Say.

146 3331 240 3394 brutae,
264 3328 315 3397 dss.
334 3375 366 3384 ..
389 3333 538 3383 cucurbitiua
558 3341 617 3398 post
633 3333 731 3398 ampeli,
752 3337 865 3388 collocat
880 3337 948 3387 Pint.
972 3378 1002 3386 ..
1026 3339 1155 3400 nuuiinum,
1172 3341 1216 3389 ad.
1235 3381 1268 3390 .-

151 3399 311 3466 Veneriirque,
324 3416 348 3452 u.
372 3400 523 3466 Venerique,
536 3403 560 3451 d.
589 3400 753 3466 Veneremque,
765 3398 815 3469 βγ.
835 3446 866 3454 ..
885 3421 1053 3470 quae‚om.a,
1073 3448 1105 3457 -
1124 3405 1266 3466 duunuad.

145 3466 266 3532 dicuntur,
284 3471 315 3520 Τ.
338 3510 370 3519 ..
392 3469 499 3531 commu,
520 3462 591 3520 Onu.
610 3512 642 3520 -
671 3470 804 3536 Verqilius,
821 3487 908 3538 georg.
927 3480 950 3537 2,
968 3481 1008 3526 88.
1032 3517 1064 3526 ..
1091 3472 1178 3524 Catone
1194 3477 1225 3526 de
1241 3491 1268 3526 re

144 3543 205 3586 rust.
219 3538 243 3585 7.
261 3577 293 3586 ..
311 3537 448 3597 auumtiva,
464 3534 535 3588 Oad.
553 3538 688 3599 sementina,
700 3535 729 3601 β.

179 3618 247 3680 557.
265 3617 377 3682 columen,
399 3612 516 3671 O'l'adr.
535 3618 632 3681 culmen,
647 3617 699 3687 βγ.
725 3622 760 3673 V.
776 3624 924 3677 Dbderleiu.
940 3625 1000 3678 Lat.
1017 3626 1216 3692 Sqnau.2,107.
1235 3670 1267 3679 -

151 3685 283 3757 Verqiiius,
304 3703 390 3765 georg.
409 3692 436 3748 2,
454 3693 494 3738 69.
517 3729 548 3738 ..
576 3686 669 3738 ilicibus
686 3687 785 3754 ulmum,
802 3694 882 3756 Pium
900 3701 926 3743 at
941 3709 964 3745 v.
981 3695 1097 3746 Perizon.
1114 3697 1190 3746 anim.
1207 3697 1267 3748 hist.

143 3771 175 3871 pn
177 3760 302 3885 iiim-1}
310 3762 389 3817 inum,
401 3756 468 3806 Pint.
486 3797 518 3806 ..
537 3764 644 3819 quotque,
662 3757 767 3808 Barbar.
789 3775 887 3824 quoque,
905 3764 949 3812 ad.
972 3769 1083 3826 quotquot
1098 3763 1165 3826 enim,
1181 3764 1215 3816 Κ
1235 3805 1267 3815 .-

178 3911 246 3973 §tu
264 3924 282 3956 a
297 3914 384 3970 matre,
400 3908 434 3958 Κ.
461 3908 496 3958 V.
512 3909 597 3960 Hand.
614 3909 723 3960 Tursell.
738 3916 760 3969 l,
773 3917 813 3963 89.
831 3954 863 3962 ..
887 3913 1041 3978 Scaudiana,
1058 3916 1090 3966 Τ.
1117 3913 1267 3979 Scaudiana,

146 3969 216 4026 θεὰ.
236 3975 380 4038 Scantiana,
392 3971 471 4038 β...
490 3991 564 4038 neque
575 3975 649 4040 aliud,
662 3979 734 4028 codd.
747 3978 804 4030 Gel.
823 3996 883 4044 quae
895 3980 970 4043 aliud,
982 3985 1029 4034 ad.
1047 3999 1093 4032 non
1105 3982 1176 4034 aliter
1188 4000 1267 4050 quam,

143 4043 177 4093 Κ.
197 4084 229 4093 ..
244 4052 421 4108 praeterquam,
434 4040 548 4108 d·(codd.
562 4043 632 4107 Gel.)
646 4053 824 4110 propterquam,
842 4065 865 4099 a.
883 4049 1016 4100 Ptaaterea
1028 4053 1142 4115 quac‚K.'
1160 4095 1191 4103 ..
1208 4070 1267 4117 pru·

144 4125 198 4171 nae,
210 4113 256 4187 ad.
275 4128 365 4189 pruna,
378 4113 451 4190 codd.
465 4111 522 4162 Gel.
534 4107 585 4176 βγ.
604 4113 698 4176 pennu,
714 4115 747 4164 K.
767 4156 799 4165 -
812 4118 980 4181 proprietates,
998 4121 1034 4170 ita
1049 4135 1098 4171 nos
1114 4122 1266 4186 scripsimus.

140 4185 304 4241 propnetam,
316 4195 339 4229 a
354 4187 500 4244 proprietas,
513 4175 584 4244 ᾱβγ.
602 4220 634 4230 ..
652 4180 803 4246 similiterque
815 4183 847 4247 in,
859 4188 896 4236 ad
908 4183 996 4249 (codd.
1008 4185 1078 4252 Gel.)
1100 4187 1217 4242 Similiter
1228 4189 1267 4253 ia,

144 4244 177 4295 K.
196 4286 227 4296 -
250 4254 341 4310 cavent,
359 4250 430 4298 codd.
444 4247 500 4300 Gal.
524 4245 616 4312 cadent,
633 4250 678 4299 ad.
700 4247 805 4302 calentia
816 4250 840 4302 in
852 4267 928 4304 etcum
940 4254 1006 4320 dant,
1018 4257 1051 4306 Κ.
