2896 4800
447 273 518 342 ara.
533 272 598 320 x11.
626 270 704 320 oar.
720 274 743 319 1.
773 269 870 320 sacr.
885 272 951 317 e-s.
1196 254 1258 319 331

136 424 209 504 liae,
234 424 321 507 quod
341 423 460 490 Helico
482 445 525 488 ex
540 421 703 488 Helvetiis
725 421 804 487 civis
827 443 948 500 earum,
970 421 1118 491 fabrilem
1139 422 1181 488 ob
1203 444 1256 486 ar·

139 539 204 592 tem
224 525 348 591 Romae
371 533 584 602 conmoratus,
613 522 710 589 ficum
740 522 857 588 siccam
884 532 916 587 et
941 544 1038 587 uvam
1065 522 1193 606 oleique
1220 546 1259 590 ao

137 626 204 691 vini
225 625 404 712 praemissa
424 647 572 692 remeans
595 645 704 691 secum
720 623 854 690 tulisset.
879 620 1087 709 Quapropter
1107 622 1186 689 haec
1207 625 1260 690 vel

137 727 221 793 bello
244 727 409 811 quaesisse
431 727 525 792 venia
548 727 597 792 sit.

180 829 210 894 3.
234 826 303 894 Sed
324 829 398 913 quis
419 851 484 894 non
505 827 576 893 iure
590 827 725 895 miretur
746 826 891 892 arborem
911 826 1044 892 umbrae
1063 824 1168 913 gratia
1188 835 1288 892 tau-s

139 943 208 994 tum
229 952 270 995 ex
296 930 399 995 alieno
428 929 563 1016 petitam
591 929 691 996 orbe?
710 927 881 1011 ¹Platanus
907 928 997 1007 haec,
1025 949 1114 992 mare
1134 925 1261 992 Ionium

138 1030 306 1097 Diomedis
327 1031 431 1097 insula
453 1042 546 1097 tenus
568 1031 714 1097 eiusdem
736 1029 852 1094 tumuli
872 1029 977 1118 gratia
1002 1029 1144 1115 primum
1169 1027 1260 1092 inve.-

139 1144 200 1212 cta,
230 1132 305 1198 inde
326 1132 361 1198 in
383 1131 529 1200 Siciliam
551 1142 753 1219 transgressa
779 1142 877 1216 atque
897 1131 982 1196 inter
1001 1132 1123 1217 primas
1145 1128 1262 1195 donata

138 1233 250 1299 Italiae
277 1243 311 1299 et
336 1233 401 1298 iam
429 1234 473 1299 ad
499 1233 645 1300 Morinos
676 1255 779 1318 usque
811 1242 964 1318 pervecta
995 1254 1033 1297 ao
1058 1229 1262 1295 tributarium

140 1335 238 1401 etiam
259 1335 404 1401 detinens
428 1337 541 1415 solum,
563 1347 601 1400 ut
622 1346 738 1422 gentes
758 1334 899 1422 vectigal
919 1344 953 1399 et
972 1355 1032 1418 pro
1045 1331 1160 1396 umbra
1179 1353 1261 1416 pen·

139 1437 225 1503 dant.
262 1437 441 1522 Dionysius
462 1439 550 1525 prior
572 1435 703 1504 Siciliae
731 1447 888 1522 tyrannus
909 1435 1073 1524 Rhegium
1093 1435 1128 1499 in
1148 1432 1289 1499 urbemi

140 1539 302 1607 transtulit
325 1561 379 1605 eas
401 1540 516 1606 domus
539 1562 616 1606 suae
636 1539 837 1617 miraculum,
858 1538 915 1605 ubi
929 1537 1177 1624 posteafactum
1198 1554 1261 1622 gy·

140 1641 309 1720 mnasium,
325 1660 393 1707 ¹nec
414 1642 558 1729 potuisse
579 1642 614 1707 in
636 1640 881 1729 amplitudinem
902 1640 1099 1718 adulescere,
1127 1649 1163 1702 ut
1184 1637 1262 1703 alias

139 1742 240 1809 fuisse
266 1745 300 1808 iu
324 1743 420 1809 Italia
446 1743 701 1809 denominatim
727 1742 888 1829 Hispania
919 1741 1008 1828 apud
1039 1752 1185 1806 auctores
1210 1737 1261 1803 in·

138 1842 276 1908 venitur.

180 1947 212 2008 4.
233 1943 307 2009 Hoc
328 1956 437 2011 actum
458 1945 543 2012 circa
565 1956 678 2032 captae
692 1944 782 2011 urbis
797 1955 934 2010 aetatem
950 1945 1137 2029 tantumque
1150 1951 1291 2029 posteas

140 2045 272 2111 honoris
299 2045 438 2112 increvit
463 2058 501 2111 ut
527 2070 616 2112 mero
644 2047 752 2113 infuso
774 2047 990 2124 enutriantur3
1019 2055 1208 2132 conpertum
1228 2043 1263 2107 id

140 2169 291 2214 maxume
312 2149 466 2234 prodesse
488 2148 652 2215 radicibus
674 2149 904 2234 docuimusque
920 2149 1016 2215 etiam
1037 2149 1167 2214 arbores
1189 2146 1264 2212 vina

138 2259 260 2335 potare.

184 2351 214 2416 5.
237 2349 427 2418 Celebratae
444 2362 519 2417 sunt
532 2352 672 2439 primum
685 2352 720 2417 in
733 2351 949 2417 ambulatione
963 2351 1147 2418 academiae
1157 2346 1262 2414 Athe-
1277 2364 1291 2408 s

140 2451 191 2516 nis
214 2451 393 2518 cubitorum
414 2477 526 2519 xxxin
547 2477 568 2520 a
587 2454 697 2520 radice
718 2474 824 2520 ramos
845 2453 1065 2519 antecedente.
1097 2451 1193 2516 Nunc
1213 2459 1264 2515 est

175 2624 189 2687 ἓ
202 2630 225 2674 6.
243 2622 308 2689 laec,
317 2628 389 2678 Tad.
408 2627 466 2678 laec
478 2637 507 2691 et,
515 2630 547 2680 R.
565 2627 624 2678 ltaec
636 2637 677 2690 est,
690 2623 740 2693 θγ.
759 2644 788 2676 ea
800 2636 848 2691 est,·
860 2627 918 2678 laec
926 2645 979 2693 per,
988 2629 1021 2679 K,
1040 2625 1098 2677 laec
1105 2641 1152 2690 per
1171 2641 1191 2674 r.
1203 2623 1263 2674 base

140 2699 236 2755 erpa,
248 2688 277 2757 β.
295 2696 327 2744 '-
345 2695 479 2758 maneas
491 2690 619 2749 aeras.
637 2696 662 2746 a
674 2694 806 2756 nameus,
818 2691 869 2762 cy.
882 2738 914 2746 -
933 2694 1013 2745 sana
1025 2704 1097 2756 tenus,
1108 2663 1166 2744 nd.
1184 2689 1264 2741 suaa

141 2759 285 2822 tenita'sa.
309 2761 396 2826 insuda
408 2768 432 2815 d.
454 2761 626 2829 iamlamdr.
645 2806 677 2816 ..
696 2757 872 2826 scedras.
896 2759 978 2826 Mbss·
997 2804 1029 2814 ..
1053 2771 1083 2825 et,
1099 2754 1128 2812 θ.
1146 2801 1178 2812 ..
1203 2758 1263 2809 deti·

141 2841 205 2889 nens,
216 2820 345 2880 aduae.
360 2832 489 2896 pertinens,
500 2828 530 2894 β.
548 2832 584 2882 ad
595 2832 705 2881 inbutum
713 2832 835 2896 pertinens
846 2830 899 2893 solr',
910 2832 1001 2882 Dalec.
1018 2872 1051 2882 ..
1068 2827 1181 2894 pendeat,
1193 2845 1217 2878 a.

173 2897 188 2959 5
202 2899 225 2946 7.
243 2893 369 2961 Rispium,
386 2899 491 2950 Barbar.
508 2901 566 2950 coll.
584 2899 715 2963 Theophr.
732 2898 1020 2962 hist.p1ant.1v.5,s.
1044 2896 1142 2961 rapiam,
1155 2897 1207 2946 Ra.
1225 2909 1263 2943 re-

138 2961 211 3025 yiam,
224 2963 297 3027 Tor.
316 3005 348 3014 -
367 2965 392 3014 in
404 2968 491 3029 urban,
503 2968 571 3017 delet
582 2967 671 3018 Ursin.
680 2981 721 3029 ap.
736 2966 855 3016 Oiacoou.
868 2967 932 3016 trial.
944 2981 970 3029 p.
983 2971 1023 3017 99.
1035 3005 1068 3015 -
1087 2963 1173 3024 domui,
1185 2964 1217 3013 Τ.
1229 3001 1262 3012 ..-

139 3027 310 3090 umbraculum,
321 3032 390 3081 Pint.
403 3073 434 3082 ..
443 3033 556 3096 potuisse,
568 3035 600 3083 R.
615 3033 738 3095 potuisset,
750 3033 797 3081 ad.
812 3072 843 3080 -
856 3030 989 3080 adolescere
1001 3040 1034 3091 ut,
1046 3034 1109 3080 adr.
1128 3028 1261 3078 adolescere

140 3103 191 3157 aut,
204 3091 232 3145 θ.
251 3095 332 3145 adoles
343 3105 392 3161 aut,
404 3103 436 3150 B.
458 3099 592 3148 adolescere
604 3107 633 3160 et,
647 3102 718 3149 codd.
730 3098 844 3159 Barbari,
855 3093 885 3159 β.
904 3138 936 3148 -
959 3114 1039 3158 raras,
1055 3097 1140 3148 Ursin.
1159 3135 1191 3145 -
1214 3094 1262 3145 ffi-

139 3162 1029 3302 titttntttttitiiiltttlttiidltttlttiltdlqtttt
1040 3159 1261 3280 iiiiii&

458 3284 463 3300 ι
921 3269 927 3293 l
1255 3265 1262 3291 i

65 3337 67 3341 ⁴
139 3299 256 3349 viderunt
267 3299 414 3352 Schneider.
427 3306 459 3353 ad
470 3303 603 3367 Theophr.
615 3318 640 3366 p.
654 3307 713 3352 315.
725 3309 752 3352 et
762 3301 851 3353 Ukert.
864 3315 951 3365 geogr.
963 3308 1013 3350 ret.
1025 3299 1074 3350 111.
1089 3304 1112 3360 1,
1125 3303 1182 3349 434.

173 3367 188 3429 §
201 3373 224 3416 8.
243 3376 336 3431 captae,
348 3371 401 3420 Rd.
420 3371 495 3436 sapie,
507 3372 558 3421 Ta.
579 3367 683 3432 Capuae,
695 3371 763 3420 Pint
775 3386 795 3420 r.
814 3409 846 3419 ..
865 3368 992 3430 docuimus,
1003 3367 1035 3418 R.

173 3435 188 3497 5
202 3439 225 3483 9.
243 3434 389 3497 wademiae,
400 3440 433 3489 R.
459 3437 591 3499 academia,
608 3431 636 3488 θ.
659 3436 791 3498 cademiaa,
803 3439 827 3487 d.
855 3435 937 3486 eadem
949 3436 982 3497 ia,
994 3452 1017 3485 a.
1038 3434 1122 3502 Lycei,
1133 3433 1218 3487 Ursin.
1230 3435 1263 3483 ad

138 3499 213 3550 Vsrr.
226 3505 258 3552 de
269 3518 296 3552 re
308 3513 369 3554 rust.
381 3505 404 3555 1.
417 3509 458 3567 37,
470 3514 495 3556 4.
508 3548 540 3557 ..
552 3504 695 3567 XXXIII,
707 3507 739 3556 it.
757 3506 855 3557 XXX.
869 3503 901 3568 1,
913 3522 936 3555 a.
954 3502 1067 3565 XXXI,
1080 3504 1147 3554 Td2.
1163 3500 1262 3562 XXX,

141 3568 194 3616 d¹r.
212 3568 305 3620 XXX
310 3569 352 3620 VI.
365 3572 442 3635 unius,
453 3569 484 3634 β.
504 3614 536 3624 ..
553 3591 578 3636 a,
590 3575 664 3624 Tad.
684 3575 773 3625 Omitt.
784 3566 884 3634 ROrss.
907 3573 973 3623 Cum
985 3587 1019 3622 ex
1031 3572 1201 3635 Theophrast.
1214 3570 1232 3618 l.
1243 3569 1262 3617 l.

140 3633 161 3683 I.
172 3638 195 3696 7,
210 3641 232 3684 l.
245 3637 353 3687 sciamus
364 3640 437 3688 illam
448 3641 580 3703 platanum
591 3641 687 3690 radices
696 3641 818 3690 XXXHI
827 3641 969 3690 cubitorum
981 3640 1069 3702 egisse,
1081 3640 1109 3688 iu
1118 3637 1201 3687 verbis
1209 3636 1262 3686 Pli-

139 3703 183 3763 nii,
195 3710 225 3752 ut
236 3703 287 3752 iam
297 3705 425 3767 leguntur,
436 3708 562 3756 nonnulla
573 3716 692 3771 corrupta
703 3721 758 3757 esse
770 3714 883 3771 apparet.
894 3708 1010 3757 Primum
1022 3706 1090 3755 enim
1101 3719 1154 3754 non
1165 3706 1196 3752 de
1205 3703 1263 3768 plu·

138 3770 208 3820 ribus
218 3771 330 3835 platanis
341 3773 368 3821 in
376 3773 473 3836 Lyceo,
485 3788 531 3836 pro
543 3789 595 3837 quo
609 3774 677 3824 Plin.
689 3789 735 3837 per
747 3789 858 3824 errorem
866 3774 1023 3824 academiam
1035 3772 1108 3833 dixit,
1121 3770 1263 3831 celebratis,

140 3841 186 3888 sed
195 3839 226 3888 de
237 3854 289 3888 uua
297 3841 374 3890 modo
381 3841 575 3904 Theophrastus
587 3842 664 3903 dixit,
678 3842 769 3890 deinde
781 3856 835 3890 non
845 3843 902 3906 ipsa
910 3842 1029 3906 platanus
1042 3840 1146 3904 triginta
1157 3846 1207 3889 tres
1219 3853 1263 3888 cu·
1297 3859 1299 3862 ⁴

138 3906 206 3956 bitos
218 3907 316 3968 habuit,
334 3909 378 3958 sed
389 3908 487 3958 radices
499 3909 575 3959 huius
587 3910 696 3958 ambitus
713 3910 773 3973 egit,
791 3923 870 3972 eaque
888 3912 919 3960 de
933 3924 1010 3959 causa
1025 3908 1181 3972 praepositio
1193 3922 1210 3954 a
1229 3920 1263 3957 ex

139 3975 213 4025 bonis
225 3975 298 4026 codd.
312 3977 426 4038 delenda,
443 3977 470 4027 in
481 3977 556 4026 initio
578 3983 663 4026 autem
675 3977 829 4040 paragraphi
844 3973 969 4025 Οιῑιὸναῑα
985 3984 1020 4025 ert
1036 3978 1180 4039 legendum,
1198 3988 1263 4039 quae

139 4054 213 4091 voces
226 4057 284 4092 cum
296 4050 386 4107 postea
396 4046 464 4094 male
477 4045 590 4094 divulsae
605 4041 742 4093 celebratae
753 4051 776 4092 st
787 4044 895 4107 scriptae
907 4052 998 4103 esseut,
1011 4044 1127 4093 omnium
1139 4044 1262 4093 librorum

140 4108 216 4157 lectio
229 4110 265 4159 ita
276 4118 315 4159 est
327 4119 389 4162 orta.
408 4113 528 4175 Singulas
540 4113 658 4176 platanos
668 4112 844 4176 magnitudine
856 4111 967 4174 insignes
978 4111 1046 4162 Plin.
1059 4109 1083 4171 5.
1096 4116 1187 4162 a..11.
1201 4125 1262 4162 enu-

140 4176 252 4304 pp'erapit,
261 4177 336 4293 pade
348 4181 440 4232 veritas
453 4180 637 4232 emendationis
648 4187 751 4233 nostrae
762 4181 893 4245 probatur.
913 4220 943 4228 ..
962 4185 1054 4243 agente,
1065 4179 1150 4231 Ursin.
1169 4218 1199 4230 -
1219 4183 1261 4239 eet,

188 4259 209 4292 se
220 4259 254 4306 ,a
278 4280 284 4296 .
