2896 4800
197 273 259 340 306
549 286 754 334 auruncus
776 284 972 335 ursronrsn

240 443 292 507 80.
325 439 534 506 Ventriculus
564 443 660 523 atque
687 438 838 503 intestina
864 438 979 524 pingui
1006 459 1045 503 ac
1072 438 1161 504 tenui
1192 450 1322 508 omento
1335 460 1383 505 204
1410 469 1418 505 t

196 545 384 632 integuntur
404 550 629 628 praeterquam
643 562 705 606 ova
718 539 935 628 gignentibus.
955 537 1045 605 Huic
1060 540 1242 607 adnectitur
1256 542 1322 608 lien

195 647 230 712 in
251 645 380 710 sinistra
400 652 493 729 parte
514 641 670 707 adversus
692 641 800 719 iecori,
828 663 902 706 cum
926 661 990 725 quo
1015 639 1122 706 locum
1148 641 1321 727 aliquando

111 728 118 740 s
194 755 358 834 permutat
378 745 435 810 sed
456 744 652 831 prodigiose.
676 741 915 824 Quidameum
935 751 1051 828 putant
1063 741 1168 807 inesse
1182 763 1245 809 ova
1258 766 1319 831 pa·

194 848 361 927 mentibus,
383 847 460 912 item
482 843 881 931 serpentibus'admodum
903 844 1076 932 exiguum3
1098 843 1146 909 ita
1159 855 1246 912 certe
1259 847 1319 910 ad·

193 961 287 1039 paret
306 952 341 1015 in
362 949 522 1014 testudine
544 957 577 1013 et
598 946 759 1012 crocodilo
781 956 814 1011 et
834 945 962 1011 lacertis
984 954 1017 1011 et
1044 945 1151 1023 ranis3
1181 969 1318 1034 aegoce-

193 1052 290 1140 phalo
311 1051 364 1118 avi
384 1072 450 1116 non
471 1049 580 1114 inesse
594 1058 719 1114 constat
733 1070 839 1132 neque
853 1047 894 1112 iis
910 1069 993 1132 quae
1008 1057 1138 1113 careant
1151 1050 1319 1137 sanguine.

192 1152 360 1221 Peculiare
382 1174 496 1218 cursus
516 1150 772 1236 inpedimentum
790 1149 962 1234 aliquando
982 1150 1017 1214 in
1039 1171 1089 1229 eo,
1110 1150 1319 1235 quamobrem
1332 1171 1380 1216 ros

192 1255 331 1323 inuritur
352 1274 522 1320 cursorum
542 1251 771 1318 laborantibus.
807 1250 853 1315 Et
872 1273 932 1338 per
952 1251 1067 1317 volnus
1087 1250 1185 1317 etiam
1206 1274 1317 1318 exem·

191 1369 250 1447 pto
276 1356 384 1422 vivere
412 1352 563 1419 animalia
589 1353 729 1418 tradunt.
766 1350 853 1418 Sunt
880 1353 937 1438 qui
963 1362 1078 1440 putent
1102 1352 1201 1419 adimi
1222 1353 1319 1419 simul

192 1460 295 1524 risum
315 1455 435 1523 homini
456 1455 800 1540 intemperantiamque
821 1455 890 1521 eius
912 1464 1060 1521 constare
1079 1454 1173 1521 lienis
1193 1455 1317 1544 magni·

193 1559 314 1623 tudine.
344 1557 444 1623 Asiae
465 1557 556 1645 regio
572 1555 701 1643 Scepsis
723 1556 914 1643 appellatur,
937 1557 972 1622 in
986 1548 1051 1642 qua
1065 1556 1230 1624 minumos
1246 1579 1317 1623 esse

193 1659 303 1747 pecori
324 1659 454 1723 tradunt
476 1668 508 1724 et
527 1658 604 1722 inde
625 1658 668 1722 ad
689 1658 805 1724 lienem
824 1658 953 1724 invecta
973 1659 1127 1724 remedia.-

236 1763 288 1827 81.
316 1760 365 1825 At
385 1760 418 1826 in
438 1759 562 1849 Brileto
584 1769 618 1826 et
638 1759 767 1826 Tharne
788 1759 937 1844 quaterni
957 1781 1051 1826 renes
1071 1760 1186 1840 cervis,
1208 1769 1318 1826 contra
1331 1781 1379 1826 eos

192 1862 335 1950 pinnatis
364 1861 607 1948 squamosisque
632 1861 723 1928 nulli.
766 1860 821 1926 De
848 1872 954 1927 cetero
982 1861 1115 1927 summis
1142 1861 1318 1929 adhaerent

195 1965 323 2033 lumbis.
343 1964 471 2031 Dexter
492 1963 640 2031 omnibus
655 1963 768 2029 elatior
790 1974 824 2029 et
843 1964 949 2028 minue
970 1963 1102 2050 pinguis
1123 1962 1300 2049 sicciorque
1306 1988 1316 2041 3

193 2067 323 2152 utrique
350 2077 457 2132 autem
482 2065 678 2154 pinguitudo
708 2063 852 2131 emedio
874 2065 941 2130 exit
961 2074 1186 2151 praeterquam
1204 2066 1241 2131 in
1262 2065 1316 2130 vi·

193 2170 260 2235 tulo
281 2169 413 2234 marino.
443 2167 607 2233 Animalia
628 2168 662 2232 in
681 2166 814 2233 renibus
835 2166 1063 2253 pinguissima,
1085 2189 1163 2232 oves
1184 2165 1316 2250 quidem

192 2271 328 2338 letaliter
350 2271 470 2337 circum
491 2290 546 2334 eos
569 2278 719 2336 concreto
739 2269 861 2355 pingui.
894 2268 1081 2353 Aliquando
1103 2268 1137 2332 in
1158 2268 1204 2334 eis
1224 2267 1316 2334 inve-

194 2374 328 2438 niuntur
348 2370 458 2458 lapilli.
491 2369 599 2436 Renes
619 2370 867 2437 habentomnia
887 2370 1122 2458 quadripedum
1142 2391 1226 2455 quae
1247 2370 1316 2435 ani·

192 2474 258 2538 mal
272 2481 439 2560 generant,
461 2494 523 2537 ova
535 2472 730 2559 parientium
744 2472 873 2537 testudo
889 2473 965 2551 sola,
988 2494 1072 2558 quae
1087 2482 1121 2537 et
1134 2471 1197 2537 elia
1209 2472 1318 2537 omnia

193 2574 326 2653 viscera,
355 2572 412 2636 sed
438 2582 476 2636 ut
495 2572 590 2638 homo
611 2572 743 2639 bubulis
765 2572 878 2639 similis
899 2574 988 2640 velut
1009 2597 1028 2640 e
1049 2573 1159 2640 multis
1184 2573 1317 2640 renibus

194 2673 397 2760 compositos.
604 2679 607 2683 ’
813 2702 816 2707 ’
1217 2688 1220 2693 ·

216 2847 218 2851 ,
237 2777 288 2839 82.
310 2772 431 2839 Pectus
452 2773 513 2838 hoc
536 2783 586 2838 est
599 2795 673 2839 ossa
686 2775 882 2861 praecordiis
903 2784 937 2840 et
957 2775 1107 2842 vitalibus
1121 2788 1236 2843 natura
1250 2775 1315 2842 eir·
1329 2798 1378 2846 aot

193 2875 366 2953 cumdedit‚
393 2884 427 2941 at
447 2875 562 2953 ventri,
591 2897 688 2960 quem
708 2898 841 2942 necesse
871 2886 941 2943 erat
964 2875 1157 2957 increscere,
1186 2877 1314 2944 ademit.
1375 2936 1377 2941 ,

192 2975 281 3044 Nulli
302 2976 485 3043 animalium
507 2978 591 3043 circa
612 2988 758 3044 ventrem
778 2999 860 3044 ossa.
896 2975 1018 3044 Pectus
1044 2979 1167 3044 homini
1192 2989 1315 3045 cneum

192 3078 303 3158 latum,
324 3079 458 3163 reliquis
474 3079 663 3158 ominatum,
681 3078 866 3145 volucribus
880 3079 984 3166 magis
1000 3089 1033 3146 et
1045 3079 1130 3146 inter
1144 3103 1200 3145 eas
1214 3102 1314 3164 aqua-

225 3269 311 3330 §204.
335 3277 437 3331 omento,
454 3273 478 3320 d.
500 3268 612 3331 iumento,
630 3270 676 3320 Rl.
699 3268 843 3331 indumento,
855 3271 900 3320 R2.
919 3311 951 3320 -
965 3276 1116 3334 praeterque,
1127 3270 1194 3320 Plnt
1212 3308 1244 3316 -
1264 3276 1313 3315 tem

190 3336 274 3385 ceteris
285 3352 357 3399 quum
373 3353 425 3397 oca,
437 3339 470 3388 K.
489 3377 521 3386 -
540 3335 594 3399 lien,
606 3337 715 3399 Aristot.
727 3337 746 3386 l.
757 3337 774 3387 l.
788 3343 812 3399 2,
826 3340 865 3388 17.
877 3353 903 3401 p.
918 3342 1036 3389 507210.
1051 3343 1091 3388 10.
1102 3352 1127 3401 p.
1141 3341 1207 3385 506²
1220 3341 1259 3383 12.
1278 3373 1311 3382 -

191 3418 238 3466 quo
249 3401 332 3464 buum,
349 3405 373 3454 (1.
395 3403 522 3466 qucdcron,
537 3405 569 3455 R.
594 3444 626 3453 -
645 3402 804 3467 permitiali.
823 3446 854 3454 ..
877 3402 986 3467 Quidem,
997 3405 1052 3456 Rd.
1070 3443 1101 3454 ..
1115 3407 1273 3467 putuateum,
1286 3402 1311 3450 d.

191 3510 224 3519 ..
242 3476 304 3519 certe
314 3468 448 3532 admodum,
459 3472 491 3521 R.
510 3478 592 3519 exerte
603 3468 736 3533 Manedum,
749 3472 773 3522 d.
786 3513 818 3521 ..
839 3471 1006 3536 ecpocepltelo,
1016 3472 1119 3524 Barbas.
1129 3470 1174 3521 12².
1192 3466 1312 3533 eyoepulo,

190 3537 235 3588 Rt
254 3553 312 3600 eque
323 3536 428 3601 cephalo,
441 3541 465 3589 d.
484 3579 515 3588 -
533 3538 615 3601 inesse,
627 3540 681 3590 Rd.
700 3555 756 3601 esse,
768 3535 819 3604 βγ.

189 3608 239 3725 R?
252 3611 309 3657 205.
328 3605 449 3735 εἰωὲΒᾱ.
467 3605 519 3668 ioca}
530 3607 581 3658 Kr.
601 3645 632 3656 ..
651 3607 798 3670 010117.-
816 3605 870 3670 ben,
882 3609 906 3658 (1.
919 3649 951 3659 ..
969 3607 1069 3671 nean,
1081 3599 1205 3659 R²9Td
1224 3604 1312 3666 inacte,

228 3710 235 3724 .
253 3673 357 3734 invento,
412 3711 419 3724 .

223 3744 308 3805 §noo
326 3688 430 3802 Baloie,
441 3758 465 3792 v.
478 3744 509 3792 ed
522 3744 537 3807 ς
551 3748 608 3793 190.
621 3783 653 3793 ..
670 3743 711 3793 De
723 3749 806 3806 cetero,
815 3735 926 3794 Rern.
948 3740 1037 3806 (latero,
1048 3738 1100 3809 βγ.
1113 3783 1146 3793 -
1160 3737 1311 3806 pinguitudo,

188 3822 242 3858 vox
259 3817 376 3873 compta
392 3811 531 3860 secundum
547 3809 666 3862 Schneid.
682 3811 716 3861 nd
730 3811 839 3862 Anates
855 3811 903 3861 11.
916 3816 941 3873 3,
955 3814 994 3863 17.
1006 3826 1031 3875 p.
1045 3816 1162 3862 020230.
1174 3809 1235 3859 coll.
1246 3815 1311 3871 pert.

188 3875 266 3926 enirn.
284 3882 313 3937 0,
331 3882 355 3926 0.
371 3892 397 3940 p.
414 3876 478 3928 6711>
492 3883 533 3928 22.
554 3878 602 3929 Ait
616 3878 661 3929 ille
671 3879 765 3943 requiri
775 3895 866 3930 vocem
877 3879 1041 3930 Aristotelicc
1053 3872 1143 3926 norton
1156 3876 1312 3942 responden-

187 3949 248 3993 tem.
260 3982 293 3992 -
299 3941 467 4007 nequeunte,
480 3946 504 3994 d.
518 3944 695 4009 pinquebeebrue,
707 3947 739 3997 R.
753 3946 912 4012 pinpuueimc
923 3962 983 3996 oues.
996 3944 1099 3995 letaliter
1110 3943 1311 4008 quittanciam

187 4024 208 4060 r.
227 4049 260 4059 ..
278 4017 402 4072 εοπονεωε,
413 4011 445 4061 R.
457 4052 490 4061 ..
508 4011 632 4074 animalia,
645 4016 713 4065 (1.-
732 4014 812 4064 omnic
823 4012 881 4075 olio,
894 4017 918 4064 d.
930 4053 963 4064 ..
981 4012 1093 4075 utlemo,
1104 4005 1217 4063 ΒθΤᾱ.
1235 4009 1311 4073 borno,

186 4070 217 4137 β.
236 4116 269 4126 ..
287 4075 385 4138 bubulis,
397 4078 481 4129 RTd.
500 4077 590 4141 baeu,
601 4075 631 4141 β.
649 4121 682 4132 -
700 4080 851 4146 wmpoaitue,
864 4083 889 4131 d.
909 4078 953 4129 sed
967 4078 1097 4130 bominibus
1113 4077 1199 4129 cimilia
1215 4076 1310 4129 uelut..

187 4142 335 4208 compositas,
346 4147 393 4195 11¹.
410 4145 466 4195 lien
477 4144 566 4195 bomini
575 4146 657 4197 bubulo
668 4147 760 4213 similis,
771 4149 817 4200 11².

220 4214 307 4275 5207.
330 4208 373 4260 boc
388 4219 424 4260 eet
438 4228 506 4274 osec,
521 4213 554 4264 1².
577 4223 674 4278 ccccm,
686 4216 739 4268 Td.
756 4215 1009 4279 neereuufi’irt.
1027 4215 1116 4269 Ornitt
1128 4230 1148 4266 r.
1168 4255 1199 4266 ..
1219 4220 1310 4264 mlum

188 4286 291 4340 octonae,
303 4279 348 4330 R2.
366 4286 470 4339 murae,
481 4281 549 4331 Ru.
567 4320 600 4331 ..
616 4283 694 4345 subm,
707 4283 743 4333 d².
761 4283 859 4346 rulime,
871 4285 908 4334 (1¹.
