2896 4800
196 270 259 335 214
549 285 753 332 susumus
776 283 971 332 ms'ronmu

195 439 260 505 lem
280 447 412 523 propter
432 437 578 503 morbum
599 436 715 523 despui
738 445 880 515 suetum,
908 457 1004 522 quem
1026 435 1112 503 solae
1133 435 1320 506 animalium

196 539 339 614 sentiunt
359 548 486 624 praeter
506 537 676 604 hominem.

238 639 374 706 XXIV.
395 642 447 706 34.
469 640 604 708 Abeunt
625 649 656 707 et
675 638 864 704 himndines
885 638 1027 705 hibernis
1048 637 1224 718 mensibus,
1253 641 1321 709 sola
1335 660 1367 707 to

197 764 292 813 cume
314 764 447 808 vescens
474 743 544 808 avis
566 763 607 808 ex
627 741 667 806 iis
688 762 771 826 quae
793 740 935 807 aduncos
956 743 1076 827 unguis
1097 762 1162 806 nou
1183 741 1319 819 habeut3

198 844 257 909 sed
283 844 319 909 in
344 844 451 909 vicina
480 844 600 909 abeunt
625 843 752 930 apricos
773 852 899 908 secutae
921 841 1077 908 montium
1097 833 1320 909 recessus'in·

197 955 375 1031 rentaeque
401 945 465 1010 iam
493 955 567 1010 suut
593 943 639 1013 ibi
666 944 772 1010 nudae
797 954 894 1029 atque
922 944 1100 1029 deplumes.
1135 942 1322 1009 Thebarum

198 1056 283 1114 tecta
311 1045 419 1112 subire
446 1057 616 1135 negantur,
643 1046 794 1131 quoniam
821 1045 900 1112 urbs
925 1046 979 1110 illa
1000 1044 1130 1131 saepius
1151 1057 1246 1133 capta
1267 1047 1320 1126 sit,

196 1168 257 1214 nec
278 1145 401 1233 Biayas
428 1148 552 1213 intrant
571 1158 707 1235 propter
728 1147 849 1215 scelera
869 1146 975 1213 Terei.
1010 1143 1149 1212 Caecina
1170 1144 1321 1212 Volater-
1335 1161 1362 1210 71

197 1271 294 1315 ranus
322 1249 478 1334 equestris
507 1247 628 1315 ordinis
656 1248 886 1336 quadrigarum
911 1247 1059 1313 dominus
1085 1247 1322 1334 conprehensas

196 1349 233 1423 iu
259 1351 374 1416 urbem
402 1372 512 1417 secum
538 1350 687 1415 auferens
715 1349 866 1417 victoriae
887 1349 1015 1414 nuntias
1041 1347 1152 1415 amicis
1172 1347 1322 1439 mittebat

197 1452 232 1516 iu
260 1452 399 1517 eundem
424 1451 537 1517 nidum
562 1451 734 1518 remeantis
760 1451 849 1516 inlito
875 1451 1027 1518 victoriae
1054 1450 1169 1517 colore.
1206 1448 1323 1516 Tradit

199 1563 233 1619 et
252 1552 376 1618 Fabius
396 1551 507 1618 Pictor
527 1552 562 1618 in
584 1552 751 1620 annalibus
773 1553 850 1630 suis,
879 1572 954 1618 cum
974 1550 1175 1618 obsideretur
1194 1551 1321 1637 praesi-

199 1653 289 1721 dium
309 1653 491 1720 Romanum
512 1677 533 1720 a
552 1653 737 1743 Ligustinis
757 1653 963 1719 hirundinem
983 1677 1003 1719 a
1023 1653 1119 1739 pullis
1139 1652 1183 1717 ad
1203 1675 1239 1718 se
1261 1652 1321 1716 ad·

198 1755 305 1834 latam,
338 1766 376 1821 ut
406 1755 473 1822 lino
505 1755 547 1821 ad
578 1756 695 1842 pedem
726 1756 796 1822 eius
822 1755 965 1842 adligato
993 1755 1087 1820 nodis
1115 1753 1321 1840 significaret,

199 1867 297 1942 quoto
319 1856 372 1924 die
394 1858 584 1924 adveniente
605 1858 725 1924 auxilio
747 1858 873 1945 eruptio
893 1858 965 1924 lieri
986 1857 1138 1923 deberet.⁴

242 1959 294 2024 35.
330 1959 465 2024 Abeunt
491 1969 525 2026 et
545 1959 686 2025 merulae
712 1959 863 2044 turdique
885 1969 918 2024 et
939 1959 1042 2024 sturni
1064 1955 1159 2024 simili
1177 1955 1323 2022 modoin
1336 1970 1367 2019 72

200 2059 315 2138 vicina,
348 2060 407 2126 sed
432 2061 465 2125 hi
492 2061 636 2146 plumam
664 2083 730 2126 non
756 2060 906 2126 amittunt
932 2081 993 2126 nec
1019 2059 1231 2137 occultentur,
1259 2057 1323 2124 visi

199 2183 297 2248 saepe
317 2161 363 2227 ibi
384 2184 448 2247 quo
469 2162 641 2228 hibernum
661 2162 818 2250 pabulum
838 2171 969 2254 petunt3
997 2161 1107 2246 itaque
1127 2160 1162 2226 in
1184 2155 1322 2226 Germa-

198 2262 253 2334 nia
273 2262 378 2330 hieme
399 2287 549 2331 maxume
572 2265 658 2330 turdi
680 2274 862 2330 cernuntur.
883 2263 1002 2331 Verius
1023 2272 1131 2329 turtur
1144 2261 1324 2327 occultatur

198 2365 378 2452 pinnasque
405 2367 532 2432 amittit.
552 2357 703 2432 'Abeunt
728 2377 761 2432 et
784 2365 969 2452 palumbes3
1002 2385 1143 2450 quonum
1167 2373 1201 2428 et
1226 2362 1262 2426 in
1282 2359 1323 2426 iis

198 2467 366 2544 incertum.
400 2463 593 2532 Stumorum
619 2467 733 2554 generi
760 2468 926 2554 proprium
951 2465 1139 2534 catervatim
1159 2463 1268 2532 volare
1290 2471 1324 2528 et

200 2567 340 2650 quodam
367 2567 452 2653 pilae
476 2567 555 2633 orbe
584 2568 768 2657 circumagi,
801 2569 950 2637 omuibus
975 2569 1011 2634 in
1038 2566 1181 2633 medium
1207 2584 1322 2652 agmen

107 2676 109 2680 ’
202 2666 420 2734 tendentibus.
452 2668 632 2735 Volucrum
658 2669 718 2734 soli
738 2670 902 2736 hirundini
922 2669 1059 2736 flexuosi
1079 2669 1206 2735 volatus
1225 2665 1323 2734 velox
1337 2679 1369 2729 ⁷³

201 2769 366 2849 celeritas,
400 2769 518 2854 quibus
550 2792 592 2837 ex
624 2770 730 2838 causis
760 2794 865 2857 neque
895 2771 1028 2858 rapinae
1056 2781 1235 2841 ceterarum
1262 2767 1323 2833 ali-

202 2882 271 2938 tum
297 2869 438 2943 obnoxia
467 2881 533 2951 est3
567 2895 606 2945 ea
632 2873 761 2945 demum
786 2874 854 2942 sola
880 2874 989 2942 avium
1009 2872 1138 2941 nonnisi
1158 2871 1193 2939 in
1213 2870 1324 2938 volatu

201 2972 352 3064 pascitur,
478 2971 479 2974 '

142 3207 144 3211 >
233 3179 318 3246 dapis·
331 3189 429 3247 nauem,
442 3185 468 3237 R
481 3183 624 3248 (Murbae.)
646 3183 765 3250 despuisse
782 3200 841 3248 cum,
855 3187 880 3235 d.
904 3182 989 3250 despui
1002 3191 1081 3235 suetae
1093 3182 1244 3245 catuliheu.
1270 3195 1324 3230 suc

200 3256 239 3299 tae
249 3252 346 3302 habent
357 3253 434 3302 etiam
445 3254 494 3305 Tr.
513 3293 546 3305 ..
563 3252 636 3315 soloe,
647 3253 701 3304 Rd.
719 3251 780 3316 sola,
792 3248 822 3315 β.

231 3344 301 3406 5⁷⁰·
319 3340 363 3406 tu,
376 3346 400 3395 d.
413 3384 446 3395 -
463 3345 565 3408 apricos,
576 3348 610 3397 R.
626 3344 734 3408 Asticus,
746 3346 820 3396 codd.
831 3345 908 3402 Reaz.
924 3344 1021 3410 Africo,
1036 3335 1065 3394 θ.
1080 3339 1189 3406 Africae,
1202 3338 1254 3388 Td·
1273 3336 1325 3414 (Je-

198 3410 635 3474 taumanristoauistanimo,
649 3419 689 3463 16.
716 3453 747 3462 ..
773 3414 972 3474 cecuwe‚RTd.
998 3404 1130 3471 aecumst·
1157 3446 1190 3457 -
1216 3419 1324 3468 saeptus,

198 3478 253 3530 nc.
279 3473 398 3542 saepae
423 3520 457 3529 -
484 3479 627 3543 Borma.
652 3479 758 3541 Boia,
778 3473 1004 3544 Ouufflurbac.)
1018 3477 1127 3542 gnua,
1142 3475 1201 3527 libri
1212 3473 1324 3525 Salmas·

199 3559 281 3596 exerc.
298 3561 323 3610 p.
342 3551 398 3597 116.
418 3547 444 3596 b.
460 3548 491 3598 E.
517 3547 610 3613 Bizycn
628 3549 669 3598 rel
684 3548 801 3614 Bbyam,
820 3550 938 3600 Rhenum.
963 3547 1063 3613 Boia,
1080 3545 1188 3598 Salmas·
1220 3541 1325 3608 Bi²y⁰02

197 3608 249 3678 βγ.
259 3653 291 3663 ...
303 3612 401 3676 intrant,
411 3616 456 3665 ΒΞ.
474 3614 500 3663 in
510 3623 592 3679 bema,
604 3616 649 3666 R'.
667 3615 692 3665 in
704 3619 794 3678 troeat,
805 3617 922 3668 Murbac.
940 3617 965 3666 in
978 3613 1094 3676 curaeio,
1105 3609 1158 3678 βγ.
1175 3610 1232 3662 Nisi
1241 3609 1326 3670 fauor,

198 3689 305 3746 utraque
320 3684 432 3734 lectione
448 3685 583 3735 coniuncta
599 3685 759 3736 scribendum
776 3693 815 3736 est
825 3685 851 3734 in
866 3684 974 3742 stratio
984 3687 1025 3735 vel
1041 3682 1144 3734 Tiresia
1156 3678 1255 3740 intrant,
1267 3693 1327 3727 cum

198 3752 302 3801 nomine
313 3760 393 3802 terrae
405 3754 432 3803 h.
444 3753 462 3801 l.
473 3752 518 3803 vix
535 3768 609 3817 egere
620 3755 755 3818 possimus,
772 3755 877 3805 verbum
889 3762 975 3809 autem
986 3753 1078 3802 ineam
1089 3750 1167 3802 simili
1181 3750 1239 3798 loco
1256 3748 1271 3810 ξ
1285 3749 1326 3797 79.

199 3825 225 3867 et
239 3821 376 3882 negatione
392 3835 435 3870 nec
450 3820 608 3872 defendatur.
627 3822 695 3871 Tum
711 3822 816 3872 verbum
833 3821 911 3871 subire
926 3821 1064 3871 commode
1079 3819 1187 3870 refertur
1208 3817 1241 3867 ad
1257 3820 1326 3874 tecm,

198 3887 281 3942 miuus
293 3891 429 3940 commode
441 3891 475 3940 ad
485 3891 569 3956 ipsum
577 3903 675 3940 nomen
685 3890 767 3953 urbis3
780 3899 893 3940 ceterum
904 3905 927 3939 v.
941 3888 1022 3940 Solin.
1037 3893 1076 3944 10.
1090 3893 1130 3938 18.
1149 3925 1182 3936 ...
1205 3890 1289 3944 unae,
1301 3881 1326 3931 d·

233 3979 248 4041 ξ
262 3982 302 4029 71.
327 3977 443 4045 Cuccium
455 3985 539 4034 multa
549 3984 576 4034 in
588 3983 613 4032 h.
626 3983 644 4032 l.
656 3990 740 4033 mutat
750 3983 868 4034 Rhenan.
880 3983 907 4033 iu
920 3982 1032 4046 epistola
1043 3983 1075 4032 ad
1087 3976 1273 4032 Pirckhaimer.
1292 4015 1325 4026 .-

200 4042 321 4107 ῡὶοἰονὶαε,
332 4048 365 4098 R.
383 4049 491 4112 υἰετονία,
503 4053 557 4101 Td.
575 4049 640 4101 illito
651 4049 760 4112 motoria,
771 4050 838 4101 Pint.
857 4090 890 4100 ..
906 4048 1047 4113 Liquetius,
1059 4049 1092 4100 K
1111 4087 1144 4098 ..
1162 4062 1180 4097 a
1186 4042 1270 4110 pullis,
1282 4043 1328 4095 Rc

199 4109 340 4177 (Murbae.)
356 4131 408 4164 cum
417 4114 524 4180 epistola
532 4119 566 4169 K.
583 4114 714 4182 epistolum,
726 4133 746 4166 r.
764 4134 781 4166 a
788 4116 863 4183 polin
874 4114 909 4167 cd
917 4132 943 4166 ee
953 4114 1055 4167 allatam
1067 4123 1094 4166 ut
1104 4115 1153 4166 lino
1160 4129 1209 4182 pro
1219 4108 1328 4178 acob,

198 4179 290 4238 Doleo.
308 4219 341 4231 ..
357 4181 505 4247 siynfficcrc,
515 4185 548 4235 R.
566 4224 599 4235 ..
616 4175 707 4254 lwsdsi
719 4186 752 4236 R.
769 4201 823 4249 quo,
836 4186 860 4236 d.

233 4267 248 4332 ᾗ
262 4269 303 4323 tu.
328 4262 404 4317 simili
417 4265 498 4331 modo,
515 4282 567 4320 om.
579 4270 616 4320 (1¹.
644 4268 764 4322 Ceterum
775 4283 798 4320 v.
810 4269 918 4322 Aristct.
930 4268 989 4320 hist.
1001 4269 1078 4320 anim.
1091 4274 1115 4330 s,
1130 4272 1170 4325 18.
1182 4281 1207 4332 p.
1221 4262 1290 4320 597¹>
1303 4270 1326 4315 3.
