2896 4800
93 240 96 247 '
188 237 259 335 'stt
546 252 751 301 seruatus
773 251 968 301 nrsrosmn

239 405 292 470 39.
325 401 447 470 Petunt
467 401 567 491 igitur
587 402 622 468 in
642 402 817 488 Elymaeos
838 403 984 469 arborem
1010 404 1138 471 bratum
1166 426 1322 492 cupresso
1338 421 1370 470 rs

197 508 287 572 fusae
309 503 454 583 similem,
484 504 641 571 exalbidis
669 504 778 584 ramis,
807 504 940 570 iucundi
968 504 1076 570 odoris
1097 527 1266 573 accensam
1288 518 1322 574 et

197 629 270 673 cum
295 603 448 671 miraculo
474 605 616 671 historiis
644 603 760 671 Claudi
788 602 938 671 Caesaris
966 606 1193 690 praedicatam.
1226 606 1321 674 Folia

197 708 267 776 eius
287 707 476 794 inspergere
497 706 683 792 potionibus
696 705 835 771 Partho‘s
857 705 955 770 tradit
961 731 971 783 ;
993 707 1125 773 odorem
1146 730 1217 774 esse
1239 732 1318 794 pro-

196 833 329 877 xumum
352 809 448 874 cedro
469 808 657 894 fumumque
679 809 747 875 eius
770 818 882 873 contra
894 806 983 893 ligna
997 809 1060 874 alia
1072 809 1226 875 remedio.
1247 810 1281 875 N
1281 835 1319 876 a·

196 913 297 978 scitur
324 910 408 974 ultra
428 908 618 996 Pasitigrim
637 910 672 974 in
692 909 811 975 finibus
832 909 943 995 oppidi
966 904 1122 990 Sittacae,
1153 910 1188 976 in
1208 923 1318 979 monte

195 1013 310 1100 Zagro.

235 1115 289 1179 40.
321 1113 441 1179 Petunt
469 1121 502 1177 et
521 1113 557 1177 in
579 1110 755 1178 Carmanos
776 1110 925 1179 arborem
946 1110 1091 1178 stobrum
1113 1113 1156 1176 ad
1177 1112 1317 1194 suffitus,
1332 1126 1363 1174 ts

193 1216 361 1302 perfusam
381 1214 457 1280 vino
478 1215 604 1298 palmeo
626 1213 848 1279 accendentes.
877 1212 987 1278 Huius
1008 1213 1088 1279 odor
1108 1214 1194 1279 redit
1219 1236 1240 1279 a
1260 1239 1317 1282 ca-

192 1317 290 1382 maris
311 1316 353 1381 ad
375 1314 477 1380 solum
497 1314 657 1380 iucundus
672 1314 730 1379 sed
743 1314 925 1402 adgravans
940 1313 1058 1400 capita,
1080 1315 1160 1379 citra
1174 1314 1317 1381 dolorem

193 1428 317 1492 tamen3
339 1416 401 1481 hoc
422 1436 568 1480 somnum
590 1416 696 1500 aegris
718 1425 886 1499 quaerunt.
907 1414 971 1479 His
992 1415 1181 1481 conmerciis
1195 1413 1316 1484 Carras

193 1517 349 1604 oppidum
377 1536 541 1600 aperuere,
571 1515 658 1598 quod
684 1525 735 1580 est
760 1516 824 1580 illis
845 1515 1088 1591 nundinarium3
1121 1515 1197 1582 inde
1214 1515 1314 1584 v(iab-

193 1618 268 1684 bam
294 1637 404 1682 omnes
433 1625 543 1701 petere
572 1613 717 1681 solebant
742 1616 866 1681 dierum
886 1639 936 1680 xx
961 1617 1075 1683 itinere
1103 1627 1135 1683 et
1154 1617 1314 1684 Palaesti-

193 1739 256 1782 nen
279 1714 408 1801 Syriam
414 1742 424 1795 3
447 1726 561 1802 postea
588 1713 770 1782 Characem
790 1717 858 1802 peti
880 1728 1028 1803 coeptum
1049 1740 1088 1784 ac
1108 1740 1210 1807 regna
1228 1718 1313 1783 Par-

193 1817 320 1883 thorum
341 1839 381 1882 ex
403 1839 441 1882 ea
462 1839 561 1882 causa
581 1827 693 1883 auctor
714 1827 764 1883 est
784 1817 877 1883 Iuba.
905 1816 990 1882 Mihi
1012 1818 1055 1882 ad
1075 1817 1195 1884 Persas
1215 1818 1312 1884 etiam
1327 1833 1362 1879 so

192 1919 284 2007 prius
304 1919 368 1984 ista
387 1927 534 2004 portasse
556 1941 654 2004 quam
673 1918 709 1982 in
730 1916 861 2003 Syriam
875 1930 933 1984 aut
946 1920 1138 2007 Aegyptum
1151 1918 1310 1999 videntur,

191 2019 358 2086 Herodoto
380 2030 473 2098 teste,
495 2019 551 2104 qui
573 2019 671 2085 tradit
692 2018 819 2107 singula
839 2019 927 2085 milia
941 2020 1097 2085 talentum
1110 2042 1217 2086 annua
1231 2020 1313 2086 turis

192 2120 371 2209 pensitasse
406 2119 535 2186 Arabas
568 2121 700 2209 regibus
726 2119 912 2186 Persarum.
948 2120 1002 2187 Ex
1029 2119 1124 2208 Syria
1154 2120 1313 2187 revehunt

193 2233 362 2307 styracem,
390 2222 456 2287 acri
484 2223 584 2288 odore
610 2224 679 2288 eius
705 2223 740 2287 in
767 2222 847 2288 focis
874 2220 1040 2308 abigentes
1069 2242 1198 2288 suorum
1218 2221 1312 2288 sasti-

192 2323 291 2388 dium.
325 2320 443 2389 Cetero
469 2346 534 2389 non
555 2324 618 2389 alia
638 2322 719 2411 ligni
741 2333 815 2388 sunt
836 2345 956 2408 genera
976 2323 1011 2388 in
1032 2346 1095 2389 usu
1116 2344 1212 2407 quam
1232 2322 1312 2389 odo-

191 2434 261 2490 rata
282 2425 436 2508 cibosque
465 2422 583 2490 Sabaei
605 2434 721 2490 cocunt
742 2423 823 2488 turis
844 2423 944 2511 ligno,
974 2424 1029 2489 alii
1049 2446 1187 2503 murrae,
1216 2424 1312 2511 oppi-

191 2525 307 2591 dorum
328 2525 537 2610 vicorumque
558 2547 622 2591 non
643 2525 705 2590 alio
728 2547 824 2609 quam
839 2546 881 2589 ex
894 2524 959 2590 aris
974 2525 1063 2590 fumo
1077 2535 1174 2610 atque
1187 2525 1310 2592 nidore.

191 2624 248 2689 Ad
268 2626 354 2689 hunc
376 2647 453 2712 ergo
475 2622 652 2690 sanandum
674 2635 773 2690 urunt
795 2634 954 2709 styracem
975 2625 1009 2690 in
1028 2624 1166 2711 pellibus
1179 2613 1310 2692 hircinis
1324 2642 1355 2686 sl

192 2725 390 2808 suffiuntque
416 2733 507 2790 tecta.
539 2724 635 2791 Adeo
662 2724 750 2791 nulla
776 2737 825 2791 est
855 2727 1004 2812 voluptas
1034 2748 1116 2811 quae
1137 2751 1201 2794 non
1220 2726 1309 2791 adsi-

191 2825 312 2892 duitate
333 2824 501 2891 fastidium
521 2826 636 2915 pariat.
667 2825 817 2892 Eundem
844 2837 876 2893 et
904 2828 947 2894 ad
974 2829 1131 2914 serpentis
1151 2829 1310 2916 stigandus

190 2937 288 2991 urunt
308 2926 342 2990 in
363 2927 529 2994 odoriferis
552 2928 641 2996 silvis
662 2929 946 3014 frequentissimas.

217 3025 363 3118 ¹XVIII.
385 3029 438 3095 41.
469 3028 546 3097 Non
573 3039 649 3096 sunt
677 3053 788 3096 eorum
816 3031 1051 3098 cinnamomum
1076 3043 1132 3099 aut
1152 3031 1247 3111 casia,
1277 3041 1310 3096 et
1323 3044 1356 3090 82

190 3139 297 3195 tamen
324 3130 402 3196 felix
429 3131 609 3218 appellatur
629 3131 762 3210 Arabia,
791 3131 872 3196 falsa
898 3142 931 3198 et
950 3132 1078 3222 ingrata
1100 3132 1308 3221 cognominis,

223 3271 293 3334 5⁷8·
309 3269 446 3336 Elymaeos,
460 3266 546 3323 θεᾶν.
563 3266 748 3332 Helimaeoass.
767 3311 798 3320 -
818 3271 919 3333 nomm,
935 3265 1016 3324 ond.
1043 3273 1178 3333 brotona.
1205 3272 1312 3331 batam,

138 3381 142 3384 .
189 3331 219 3396 β.
246 3377 278 3386 ..
304 3353 469 3397 assemano..
488 3379 520 3388 ..
538 3338 680 3402 Pasitigrim
692 3338 725 3399 in,
737 3341 773 3387 a2.
791 3337 947 3402 Pasitigrim,
964 3337 1090 3402 a¹(codd.
1104 3338 1212 3388 Salmas.
1224 3351 1307 3385 exem.

190 3417 215 3466 p.
228 3409 285 3453 260.
297 3404 322 3453 b.
333 3402 377 3465 E.)
403 3403 585 3468 Pasitigrinin,
598 3401 669 3468 ᾱβγ.
697 3445 729 3454 ..
755 3404 847 3468 opimis,
858 3407 892 3456 K.
919 3447 951 3456 ...
978 3405 1181 3464 Sittaoas,codd.
1193 3404 1308 3453 Barbari.

189 3465 408 3534 saccaron
419 3468 504 3532 (codd.
517 3469 639 3534 Salmas.)
666 3513 699 3521 ..
724 3471 757 3533 in,
773 3463 861 3523 dadr.
881 3469 980 3535 Omss.
1006 3513 1038 3525 -
1065 3471 1236 3536 lapsanti,
1251 3475 1308 3520 1³1.

189 3535 315 3599 Sciantro,
331 3530 380 3588 Oa.
399 3536 527 3600 Scanchro,
539 3541 564 3588 d.
583 3537 696 3601 Scantio,
707 3540 741 3589 K.

223 3607 293 3671 579.
322 3601 464 3668 Carmanos,
480 3622 504 3656 v.
521 3607 554 3656 ad
570 3613 598 3668 6,
616 3613 674 3657 212.
701 3648 733 3656 ..
759 3606 876 3670 stobrum,
892 3608 916 3658 Τ
932 3604 1017 3669 (codd.
1033 3608 1124 3659 indicis
1139 3607 1198 3657 libri
1231 3603 1310 3668 rimi.)

188 3673 299 3734 strobnm,
312 3668 385 3738 ᾱβγ.
408 3673 562 3736 istrobam,a.
588 3715 620 3724 ..
647 3672 790 3736 redditad.
817 3714 849 3724 ...
876 3674 988 3736 camaris,
1001 3678 1047 3726 ad.
1074 3674 1181 3736 comos,
1228 3689 1254 3739 r.
1278 3714 1310 3723 ..

192 3736 278 3802 Carra,
291 3737 428 3802 ad(codd.
439 3738 567 3804 Barbari.)
590 3783 622 3793 -
648 3740 693 3803 illi,
706 3744 729 3791 d.
757 3782 789 3790 ..
820 3740 1018 3804 Gabbalo‚Pint.
1046 3784 1078 3793 -
1108 3740 1270 3802 Palaestinen,
1286 3757 1309 3791 a

189 3805 364 3870 Palaestinam,
377 3804 450 3874 ᾱβγ.
469 3850 501 3859 ..
519 3826 556 3870 ac,
568 3811 592 3858 d.
610 3807 651 3871 ad,
663 3811 716 3861 Ta.

223 3877 290 3938 580.
308 3874 405 3926 Minaei
415 3884 438 3924 et
449 3875 490 3937 ad,
501 3879 534 3928 K.
552 3918 584 3927 ..
603 3878 722 3938 estaom.
736 3892 799 3926 r...
817 3876 940 3928 Herodoto
952 3884 976 3938 ³,
989 3881 1029 3929 st.
1043 3919 1074 3928 ..
1093 3892 1176 3927 annac
1188 3875 1252 3936 nris,
1264 3876 1309 3924 ad.

189 3956 319 3991 annwram
336 3942 421 4005 tiaris,
438 3960 458 3993 r.
482 3943 555 3992 tiara
570 3960 664 4008 annua,
679 3939 731 4009 βγ.
754 3983 783 3992 -
807 3952 937 4008 styracem
952 3961 1020 4009 pone
1036 3946 1062 3995 h.
1079 3962 1102 3995 v.
1119 3947 1187 3996 Pint.
1200 3944 1311 3994 collocat

189 4009 301 4135 νοώαὲη
309 4008 410 4072 pellebas
421 4010 519 4060 hircinis
530 4027 563 4062 ex
575 4014 589 4075 §
602 4018 642 4063 81.
661 4053 693 4060 -
710 4019 765 4060 sant
774 4026 870 4076 yenero,
883 4014 929 4062 ad.
945 4027 1035 4076 yenero
1045 4021 1107 4076 sant,
1118 4008 1171 4076 βγ.
1189 4052 1221 4064 ..
1251 4008 1310 4058 odo-

189 4079 254 4133 rata,
288 4111 345 4124 .,.
364 4093 390 4126 co
407 4085 491 4138 ania.

205 4142 238 4217 ⁸5
251 4146 304 4256 sud
303 4094 442 4206 fastidiam,
455 4147 527 4196 Tati.
544 4145 723 4210 saisostidiam,
734 4142 764 4207 β.
784 4187 815 4198 ..
833 4156 856 4196 et
866 4146 908 4211 od,
923 4138 995 4198 θεὰ.
1013 4145 1054 4209 od,
1065 4143 1095 4210 β.
1115 4189 1146 4198 ..
1162 4146 1311 4211 freqaentir-

188 4221 312 4270 samaa.
