2896 4800
330 313 401 362 ars.
417 315 479 364 ΙΙΙ.
509 313 588 363 oar.
603 252 852 362 mmm-xa.
881 310 980 360 sacr.
996 312 1089 358 Μ.
1228 297 1268 360 41

147 463 281 532 matioae
295 465 373 530 artis
386 463 531 551 Daphni,
545 463 643 530 Natio
656 464 851 530 Pisaurense
865 462 1025 528 vendente
1040 472 1073 529 et
1083 461 1132 528 M.
1145 460 1271 528 Scauro

147 565 292 651 principe
313 566 451 637 civitatis
464 564 522 631 ΠΙ.
543 586 605 630 noc
624 566 750 631 licente.
784 563 964 628 Excessere
991 562 1053 630 hoc
1085 563 1121 628 in
1152 572 1270 628 nostro

148 688 226 732 aevo
254 689 313 732 nec
342 666 469 731 modice
496 664 685 745 histriones,
721 665 779 730 sed
806 664 983 730 libertatem
1009 685 1102 728 suam
1126 664 1270 743 mercati,

147 768 267 853 quippe
289 789 364 833 cum
383 768 449 831 iam
471 766 558 853 apud
578 768 717 834 maiores
737 766 878 832 Roscius
906 763 1021 830 histrio
1041 763 1099 828 111.
1113 787 1136 828 n
1166 785 1272 829 annue

147 870 311 934 meritasse
339 869 509 954 prodatur3
539 867 601 932 nisi
630 868 657 932 si
685 867 758 951 quis
784 867 818 929 in
844 864 906 930 hoc
931 864 1003 928 loco
1024 861 1188 929 desiderat
1207 863 1272 931 Ar-
1287 882 1335 929 129

96 981 100 989 '
147 968 284 1034 meniaci
305 970 381 1035 belli
402 968 499 1054 paulo
521 978 594 1033 ante
614 977 746 1054 propter
766 966 935 1030 Tiridaten
963 964 1046 1051 gesti
1068 964 1271 1050 dispensato-

146 1091 230 1148 rem,
266 1091 362 1155 quem
382 1069 472 1134 Nero
500 1068 559 1134 ΠΙ.
587 1090 678 1133 cxxx
710 1067 906 1133 manumisit.
942 1064 1011 1131 Sed
1042 1066 1103 1130 hoc
1133 1065 1274 1151 pretium
1345 1082 1352 1089 ·

146 1169 232 1248 belli,
248 1191 314 1234 non
329 1169 469 1234 hominis
485 1171 547 1244 fuit
568 1179 642 1248 tam,
659 1168 829 1247 Hercules,
851 1190 949 1252 quam
958 1166 1112 1245 libidinis,
1126 1189 1191 1232 non
1205 1166 1272 1230 for-

147 1290 229 1345 mae,
256 1268 493 1335 Paezonteme
520 1268 718 1356 spadonibus
745 1266 856 1334 Seiani
882 1269 938 1334 ΠΙ.
959 1291 982 1332 n
1015 1275 1176 1332 mercante
1200 1264 1271 1330 Lu-

147 1369 229 1432 torio
244 1368 365 1436 Prisco.
390 1369 497 1452 Quam
517 1371 648 1457 quidem
668 1369 820 1434 iniuriam
840 1370 920 1435 lucri
941 1369 1018 1435 iecit
1037 1368 1091 1433 ille
1112 1376 1273 1432 mercatus

147 1469 182 1533 in
202 1471 291 1536 luctu
312 1471 459 1549 civitatis,
480 1471 631 1556 quoniam
654 1493 790 1557 arguere
811 1471 891 1536 nulli
912 1470 1055 1536 vacabat.

189 1568 267 1634 XL.
289 1573 343 1636 41.
367 1569 570 1638 Gentium-in
586 1583 652 1638 toto
668 1573 745 1638 orbe
759 1571 1038 1657 praestantissima
1050 1593 1117 1635 una
1130 1569 1273 1635 omnium
1287 1587 1336 1633 1³0

147 1671 264 1737 virtute
283 1672 361 1737 haut
389 1673 486 1739 dubie
507 1672 655 1738 Romana
683 1672 814 1739 exstitit.
850 1672 1004 1738 Felicitas
1026 1672 1079 1738 cui
1099 1673 1274 1758 praecipua

146 1773 243 1838 fuerit
255 1772 387 1852 homini,
407 1797 472 1839 non
487 1783 536 1840 est
550 1774 681 1840 humani
695 1774 803 1852 iudici,
826 1795 900 1840 cum
912 1773 1157 1859 prosperitatem
1169 1773 1273 1858 ipsam

147 1873 229 1939 alius
256 1874 319 1939 alio
346 1875 442 1942 modo
473 1886 505 1941 et
532 1887 648 1962 suopte
675 1875 805 1962 ingenio
832 1875 968 1960 quisque
997 1873 1197 1938 determinet.
1232 1870 1272 1949 Si

146 1997 259 2039 verum
280 1976 386 2041 facere
406 1976 562 2042 iudicium
590 1978 739 2043 volumus
766 1998 804 2041 ac
829 1976 998 2063 repudiata
1019 1975 1106 2041 omni
1127 1975 1273 2040 fortunae

147 2074 318 2141 ambitione
339 2077 521 2156 decernere,
545 2100 639 2145 nemo
658 2078 840 2143 mortalium
861 2088 910 2142 est
929 2077 1016 2143 felin.
1038 2074 1178 2140 Abunde
1200 2075 1272 2160 agi-

146 2185 199 2241 tur
224 2186 322 2260 atque
349 2177 553 2264 indulgenter
580 2202 600 2242 a
621 2179 752 2242 fortuna
778 2178 934 2242 deciditur
961 2201 1035 2242 cum
1061 2199 1099 2241 eo
1124 2176 1181 2259 qui
1201 2176 1273 2240 iure

147 2277 212 2341 dici
240 2298 306 2340 non
330 2277 443 2342 infelix
468 2286 582 2362 potest.
621 2277 753 2362 Quippe
778 2285 816 2340 ut
842 2277 905 2341 alia
931 2297 996 2339 non
1025 2276 1097 2352 sint,
1125 2284 1210 2341 certe
1230 2297 1272 2340 ne

146 2375 302 2440 lassescat
320 2377 448 2442 fortuna
468 2387 572 2443 metus
594 2385 652 2456 est,
674 2398 738 2462 quo
761 2376 858 2442 semel
878 2386 1007 2464 recepto
1023 2376 1125 2443 solida
1137 2375 1272 2442 felicitas

147 2513 297 2576 Priarrenei,
308 2512 337 2578 β.
357 2558 389 2568 ..
406 2516 455 2576 ΠΙ,
467 2519 546 2571 Hard.
568 2517 620 2580 ΙΠ,
636 2519 685 2570 Rd
696 2516 798 2581 (omnes
811 2521 883 2570 codd.
897 2516 1018 2582 Salmas.)
1041 2516 1092 2570 ΙΠ.
1105 2517 1144 2580 M,
1156 2514 1185 2581 β.
1203 2515 1271 2577 Hp,

147 2595 174 2645 γ.
192 2622 224 2632 ..
236 2581 342 2663 ,1)000,
353 2601 419 2667 τ...
435 2586 547 2638 taenias·
555 2586 632 2650 reddi,
644 2589 690 2668 ΒῙ.
707 2585 828 2667 histrieniu
838 2585 915 2649 reddi,
926 2588 995 2637 R²d.
1013 2588 1129 2667 Vplgsta
1145 2586 1213 2636 lesu.
1230 2583 1274 2633 sed

146 2656 1272 2785 iiisfflixiiiii‚iiiiii?iiffiiiii‘lielffiffiqlfidlffi

146 2799 223 2848 qnam
235 2789 268 2837 ad
279 2789 450 2842 coniecturam
462 2805 582 2842 numerus
593 2793 682 2854 ingens
694 2792 780 2840 statim
791 2805 899 2853 sequens
911 2792 987 2851 ducit,
997 2805 1073 2853 quem
1081 2789 1188 2839 Roscius
1197 2787 1271 2839 meri-

146 2859 250 2904 taverat.
268 2894 300 2902 -
319 2853 403 2906 terrio
414 2856 461 2917 ΙΙΙ,
479 2858 558 2908 Hard.
584 2857 666 2907 lutrio
677 2854 729 2920 ΠΙ,
742 2849 842 2909 ΒθΤᾱ
859 2854 945 2920 (codd.
963 2856 1083 2920 Salmas.)
1109 2854 1226 2916 histrioni,
1237 2854 1271 2905 Κ.

148 2917 231 2969 lstimir
242 2919 297 2984 HS,
306 2917 328 2983 β
335 2937 360 2987 γ.
379 2965 411 2974 ..
431 2940 552 2987 mercasse,
563 2926 597 2976 K.

180 2986 195 3048 §
210 2994 266 3038 129.
284 2988 333 3037 nisi
341 2988 371 3052 si,
382 2992 428 3040 Rd
441 2989 543 3053 (Ambr.
555 2990 590 3054 I.)
608 2991 663 3053 riri,
679 2986 730 3055 θγ.
744 3032 777 3040 -
799 2990 934 3053 Tiridaten,
945 2993 999 3043 Rd.
1021 2991 1162 3052 Tiridatem,
1174 2985 1225 3053 βγ.
1238 3029 1270 3039 -

146 3051 192 3110 ΠΙ,
210 3055 289 3105 Hard-
307 3054 361 3118 III,
377 3059 442 3107 Rdr
453 3057 540 3120 (codd.
554 3059 662 3109 Salmas.
679 3067 705 3108 et
723 3059 846 3109 Gronovii
857 3060 963 3110 miscell.
976 3074 1001 3122 p.
1018 3065 1077 3109 846.
1094 3066 1120 3108 et
1136 3060 1192 3106 cod
1205 3058 1271 3106 Bud.

147 3121 179 3167 de
196 3135 244 3170 ass.
261 3135 286 3183 p.
300 3122 371 3184 276.)
393 3123 426 3184 in,
444 3126 488 3173 alii
504 3127 578 3173 codd.
591 3124 704 3175 Gronov.
727 3124 784 3185 HS,
796 3120 847 3190 βγ.
866 3167 898 3175 -
920 3124 1036 3186 CXXX,
1052 3127 1093 3174 Rr
1109 3122 1196 3186 (codd.
1214 3123 1271 3174 Sal·

146 3200 209 3236 mas.
226 3193 251 3236 et
268 3187 404 3252 Gronovii,
419 3191 536 3241 Medioll.
554 3198 579 3240 et
595 3191 640 3240 alii
656 3206 697 3254 ap.
713 3188 816 3253 Rara),
832 3189 918 3254 CXX,
931 3195 947 3242 d
963 3189 1031 3253 (cod.
1043 3189 1123 3253 Bud.)
1134 3185 1164 3249 β.
1187 3189 1273 3238 cerda

146 3252 223 3315 maes,
235 3253 269 3305 K.
288 3255 406 3308 Ceterum
419 3259 450 3308 de
461 3259 512 3308 hoc
524 3266 549 3308 et
565 3259 736 3321 superioribus
748 3261 859 3310 numeris
871 3261 977 3310 consule
989 3259 1097 3310 Salmas.
1110 3264 1136 3308 et
1148 3257 1270 3319 Gronov,

146 3334 256 3385 quorum
267 3324 374 3388 vestigia
386 3327 462 3376 tacite
474 3327 565 3390 premit
576 3327 655 3377 Hard.
674 3367 706 3376 -
726 3325 851 3390 Heredes,
862 3328 917 3378 Rd.
940 3325 1051 3390 Hercule,
1064 3326 1136 3377 codd.
1149 3324 1206 3376 Gal.
1218 3319 1270 3390 βγ.

146 3426 179 3437 ..
190 3388 341 3453 Peezontem,
353 3391 466 3456 d(ccdd.
480 3391 550 3455 Gel.)
564 3393 681 3457 praetem,
693 3394 725 3445 R.
743 3393 901 3457 Peraeam,
913 3397 1035 3447 Vaticani
1046 3404 1071 3446 et
1082 3394 1199 3447 Pession.
1217 3391 1271 3442 Pa-

145 3456 263 3514 ronetemi,
278 3458 370 3510 Ambr.
387 3462 408 3510 I.
431 3460 590 3524 Percntemes,
607 3462 697 3513 Ambr.
715 3462 750 3511 Π.
773 3461 932 3525 Potentemes,
949 3480 967 3514 r.
987 3505 1019 3514 ..
1037 3460 1213 3528 erpodonibuo,
1224 3460 1272 3510 Bd

146 3517 233 3597 (cpdd.
246 3521 316 3584 (iel.)
333 3525 454 3589 madonis,
466 3546 479 3578 r
490 3527 592 3590 (onmes
605 3532 677 3580 codd.
689 3527 779 3591 Rem.)
789 3572 822 3580 -
834 3531 926 3592 Seiani,
932 3534 1004 3582 codd.
1014 3531 1104 3582 Gelan.
1110 3538 1135 3580 et
1144 3527 1271 3578 Salmasii.

146 3599 231 3646 resana,
246 3588 301 3637 Rd.
324 3590 421 3654 Seiano,
438 3598 510 3643 codd.
526 3597 602 3646 Rern.
632 3634 638 3645 .
668 3637 700 3646 ..
723 3596 769 3655 ΠΙ,
783 3599 862 3650 Hard.
884 3596 936 3660 ΙΠ,
952 3601 999 3648 Rd
1017 3597 1103 3661 (codd.
1121 3596 1228 3645 Salmas.
1246 3599 1272 3640 et

147 3650 291 3713 Gronovii.)
308 3652 358 3702 ΠΙ
363 3657 402 3718 Μ,
418 3662 490 3709 codd.
503 3661 593 3712 Gelon.
628 3663 707 3724 ‚Hm
719 3678 744 3727 γ.
762 3706 793 3715 ..
823 3665 932 3724 Laterio,
948 3666 1019 3727 Iaips.
1032 3667 1064 3712 ad
1076 3664 1137 3712 Tac.
1150 3659 1234 3708 annal.
1247 3665 1271 3719 3,

145 3725 187 3770 49.
205 3719 237 3770 L.
249 3717 359 3784 Laterio,
372 3723 482 3774 Gronov.
508 3723 533 3775 0.
549 3727 658 3791 Laterio,
669 3731 749 3781 Hasd.
771 3730 876 3792 Sutorio,
892 3732 997 3780 Barbar.
1014 3731 1062 3778 Rd
1078 3725 1165 3788 (codd.
1181 3725 1270 3775 Gelan.

145 3785 313 3908 οὴυκῗῖὴῖοὲὶ)
322 3784 352 3851 β.
370 3788 478 3853 Sutorio,
490 3791 623 3843 Ambross.
646 3811 663 3843 a
675 3795 778 3859 Saturio,
796 3800 868 3848 codd.
882 3796 993 3848 Gronov.
1012 3811 1029 3843 ο
1042 3790 1068 3844 G.
1080 3791 1188 3855 Laterio,
1200 3805 1225 3857 γ.
1238 3832 1270 3843 .-

161 3899 162 3902 ,
220 3873 254 3919 a,

178 3926 194 3988 ξ
208 3930 264 3976 1³0.
283 3923 392 3985 omnium,
408 3924 433 3973 Β
443 3917 530 3977 θΤᾶΙ
542 3923 632 3990 (Βοὴ.)
650 3928 720 3989 omm‘,
731 3925 760 3991 β,
773 3931 842 3993 qnod
853 3928 967 3981 defendit
978 3929 1081 3982 Gesner.
1096 3931 1231 3982 chrestom.
1243 3945 1269 3996 p.

147 3996 203 4041 195.
223 4033 254 4043 ..
276 3999 366 4056 suopte,
378 3994 410 4043 Β.
434 4001 525 4056 suapte,
537 3994 603 4044 Βοὴ.
622 4010 670 4058 pro
681 4003 769 4059 suopte,
782 3997 829 4047 Tr.
849 4005 964 4063 prompte,
977 4001 1000 4050 d.
1019 4040 1050 4050 ..
1073 3998 1177 4064 quisque,
1189 3999 1269 4048 omitt.

145 4059 199 4109 Td.
211 4099 244 4110 ..
257 4058 401 4121 determinet,
413 4054 498 4111 ΒΘΤ.
523 4061 636 4123 terminet,
649 4064 666 4111 d
678 4060 770 4125 (Βοὴ.)
781 4060 832 4129 sti·
845 4107 876 4116 -
890 4082 955 4116 nemo
967 4065 1106 4129 mortalium,
1119 4069 1165 4118 Bd
1177 4062 1269 4128 (Βοὴ.)

145 4126 278 4175 mortalium
295 4143 372 4190 nemo,
387 4124 440 4191 βγ.
467 4170 499 4179 ..
526 4130 616 4194 rapitur,
633 4122 751 4182 ledum
766 4129 858 4195 (Rob.)
885 4133 1005 4200 epitumss.
1032 4177 1064 4187 ..
1092 4136 1160 4197 aa.
1180 4134 1269 4186 Omitt·

146 4191 191 4241 Td
202 4191 295 4256 (Bab.)
306 4191 357 4259 βγ.
376 4235 407 4244 ..
426 4195 551 4260 deciditur,
566 4191 662 4250 Rdrr
672 4194 766 4263 (Βοὴ.)
788 4199 900 4268 decidito,-
911 4206 935 4255 d.
958 4202 1052 4266 decidit,
1062 4199 1113 4266 βγ.
1137 4199 1270 4266 iadalyeate

137 4257 244 4319 soriano
253 4259 377 4325 deriditm,
389 4263 469 4317 Hae.
