2896 4800
140 228 202 303 218
328 267 332 277 κ
492 251 694 300 narrarem
718 251 911 301 ursronran

138 404 217 489 pula
237 401 411 467 intentione
431 423 549 489 magna
571 412 605 468 et
625 403 734 468 reddit
753 402 944 488 vicibusque
957 403 1111 482 reticent3
1133 407 1260 475 intelle·

67 520 70 526 ’
139 505 228 593 gitur
242 504 430 570 emendatae
445 503 609 589 conreptio
624 505 703 568 etin
718 504 854 570 docente
869 505 1027 589 quaedam
1040 507 1260 592 reprehensio.

137 605 227 693 Ergo
255 627 419 671 servorum
444 604 506 669 illis
533 604 638 690 pretia
665 615 739 671 sunt
766 606 956 691 etquidem
982 605 1137 691 ampliora
1162 630 1262 694 quam
1340 594 1343 601 ¹

136 706 254 792 quibus
275 707 350 772 olim
371 704 522 792 armigeri
543 706 749 791 parabantur.
785 704 862 775 Scio
889 706 1045 773 sestertiis
1069 730 1126 774 sex
1149 710 1261 776 candi·
1275 729 1307 775 84

137 809 211 873 dam
242 807 403 892 alioquin,
436 807 523 892 quod
554 818 604 872 est
634 829 736 893 prope
768 807 985 887 invisitatum,
1017 809 1146 876 venisse
1177 834 1261 896 quae

136 909 338 996 Agrippinae
368 906 486 974 Claudi
514 908 670 994 principis
696 909 827 998 coniugi
854 910 938 975 dono
967 910 1108 975 daretur.
1143 909 1261 976 Visum

135 1010 200 1075 iam
229 1033 326 1097 saepe
353 1009 458 1075 iussas
484 1033 599 1076 canere
626 1009 769 1097 coepisse
796 1020 924 1076 etcum
951 1010 1142 1097 symphonia
1163 1012 1260 1077 alter-

135 1133 230 1176 nasse
259 1112 342 1178 sicut
366 1110 511 1176 homines
538 1123 684 1197 repertos
710 1111 767 1196 qui
796 1134 911 1177 sonum
938 1134 1059 1191 earum,
1087 1112 1198 1177 addita
1225 1112 1261 1177 in

137 1222 336 1278 transversas
357 1212 554 1289 harundines
575 1234 670 1296 aqua,
700 1213 846 1279 foramen
872 1212 1067 1299 inspirantes
1087 1212 1260 1300 linguaeve

136 1336 238 1401 parva
258 1314 364 1398 aliqua
384 1313 533 1399 opposita
554 1335 644 1378 mora
664 1313 839 1380 indiscreta
852 1315 1028 1381 redderent
1042 1313 1259 1380 similitudine.

137 1412 207 1480 Sed
226 1414 288 1478 hae
303 1423 410 1478 tantae
424 1424 553 1498 tamque
567 1413 707 1478 artifices
729 1416 877 1502 argutiae
898 1439 921 1481 a
939 1414 1124 1499 quindecim
1145 1414 1260 1481 diebus
1272 1432 1303 1478 se

137 1515 292 1601 paulatim
313 1513 465 1579 desinunt
485 1537 546 1580 nec
566 1524 603 1580 ut
625 1515 780 1602 fatigatas
794 1516 900 1601 possis
919 1516 1024 1581 dicere
1038 1525 1096 1579 aut
1109 1516 1258 1595 satiatam

136 1637 214 1680 mox
240 1625 332 1680 aestu
358 1625 452 1680 aucto
479 1615 515 1679 in
543 1624 647 1680 totum
681 1615 745 1679 alia
771 1637 837 1681 vox
863 1617 902 1682 fit
927 1639 988 1683 nec
1014 1615 1178 1680 modulata
1203 1627 1260 1682 aut

137 1715 227 1780 varia
233 1740 242 1794 3
269 1724 412 1780 mutatur
434 1726 467 1780 et
488 1714 575 1782 color
581 1740 591 1793 ;
618 1724 780 1801 postremo
800 1717 906 1783 hieme
928 1717 1000 1802 ipsa
1020 1738 1086 1781 non
1107 1714 1259 1783 cernitur.

137 1816 276 1904 Linguis
298 1838 409 1881 earum
430 1815 569 1882 tenuitas
589 1817 645 1881 illa
664 1817 770 1902 prima
790 1839 855 1882 non
876 1827 926 1882 est
947 1839 1030 1902 quae
1051 1818 1167 1888 ceteris
1188 1817 1259 1885 avi·

137 1917 210 1984 bus.
241 1916 378 1982 Pariunt
399 1940 475 1983 vere
496 1909 600 2002 primo
622 1940 697 1983 cum
717 1916 902 2002 plurumum
925 1940 1003 1983 sena
1023 1941 1095 1986 ova.
1164 1955 1167 1958 ⁴

179 2021 232 2084 44.
264 2017 342 2085 Alia
368 2018 450 2089 ratio
477 2018 641 2098 ficedulis3
671 2041 746 2083 nam
774 2019 910 2084 formam
936 2019 1031 2085 simul
1057 2019 1259 2103 coloremque
1272 2037 1304 2081 ss

137 2115 272 2187 mutant.
305 2119 379 2185 Hoc
399 2142 515 2188 nomen
536 2130 705 2197 autumn03
727 2142 792 2184 non
812 2119 932 2185 habent
952 2129 1076 2205 postea,
1095 2118 1259 2184 melanco-

137 2223 234 2307 ryphi
261 2232 430 2287 vocantur.
467 2219 524 2288 Sic
551 2231 583 2287 et
610 2220 770 2286 erithacus
796 2221 902 2286 hieme
928 2221 1015 2285 idem
1043 2218 1259 2305 phoenicurus

137 2332 270 2387 aestate.
292 2320 401 2387 Mutat
422 2326 455 2388 et
474 2345 596 2409 upupa,
619 2332 656 2387 ut
676 2323 774 2387 tradit
787 2321 971 2407 Aeschylus
991 2330 1097 2407 poeta,
1119 2319 1260 2386 obscena

137 2423 216 2488 alias
237 2432 332 2507 pastu
353 2423 433 2501 avis,
457 2425 556 2488 crista
575 2423 710 2489 visenda
722 2423 869 2508 plicatili,
891 2422 1081 2489 contrahens
1095 2443 1167 2488 eam
1181 2420 1258 2487 sub-

138 2523 309 2609 rigensque
330 2545 389 2608 per
409 2522 645 2608 longitudinem
666 2523 790 2609 capitis.
892 2565 897 2574 ·

178 2623 232 2688 45.
266 2621 440 2688 Oenanthe
467 2623 597 2708 quidem
624 2622 722 2689 etiam
751 2630 851 2690 statos
877 2624 1019 2691 latebrae
1045 2623 1117 2690 dies
1141 2621 1257 2698 habet3
1272 2637 1302 2685 er

170 2790 317 2857 intentionel,
329 2797 396 2846 d...
408 2811 498 2860 magno
509 2802 538 2859 et,
549 2797 594 2850 13².
612 2811 709 2861 macno,
720 2799 766 2849 R¹·
785 2813 823 2858 ac,
834 2798 859 2847 (1.
867 2837 899 2847 ..
913 2796 1009 2858 aura,
1020 2795 1110 2847 Ambr-
1122 2794 1158 2845 IL
1171 2835 1201 2844 -
1220 2809 1259 2842 re·

138 2859 215 2924 licent,
227 2863 251 2912 d.
268 2863 373 2926 reticens,
384 2863 410 2914 R
421 2860 523 2926 (Ambr.
534 2864 557 2913 I.
569 2861 619 2927 Π.)
631 2878 656 2928 γ.
675 2863 784 2926 recitant,
795 2867 829 2916 K.
855 2863 945 2927 reticet,
956 2864 1045 2918 Delec.
1064 2904 1096 2914 ..
1114 2860 1259 2923 emendatae,

136 2929 168 2979 R.
186 2927 317 2992 emendata,
330 2932 384 2981 Τὰ.
410 2972 443 2984 .,
469 2931 596 2996 correptio,
613 2924 733 2983 ROTdr
749 2929 852 2994 (Ambr.
868 2929 903 2996 1.)
930 2930 1055 2993 correcto,
1071 2932 1162 2982 Ambr.
1173 2930 1217 2991 IL,
1228 2923 1258 2989 β.

137 2997 278 3050 Obsecutus
299 2999 426 3064 plerisque
447 3000 549 3064 optimis
567 3001 696 3051 codicibus
710 3015 768 3050 cnm
784 3001 902 3053 Broterio
918 2999 1002 3064 recepi
1017 3001 1090 3049 illam
1100 3012 1260 3061 vocemqua

136 3065 202 3116 Plin.
212 3082 278 3117 nove
287 3083 348 3118 usus
357 3068 468 3119 indicare
476 3068 539 3127 vult,
547 3068 682 3118 lusciniam
691 3068 843 3132 discipulam
848 3076 983 3132 praecepta
993 3068 1128 3131 magistrae
1139 3066 1260 3117 acerrime

42 3160 43 3165 =
136 3135 245 3198 arripere
257 3143 284 3185 et
294 3151 388 3199 magno
400 3150 459 3186 cum
470 3137 554 3187 studio
566 3151 624 3186 eam
634 3136 764 3186 aemulari.

170 3219 185 3281 ξ
198 3225 238 3268 84.
256 3217 313 3271 Scio
323 3219 436 3269 samua
446 3236 496 3284 aex,
507 3221 591 3270 Rhen.
602 3220 635 3271 R.
657 3218 744 3272 Sciatis
755 3218 793 3282 in,
808 3218 924 3270 Murbac.
947 3216 1016 3270 Socii
1024 3234 1072 3278 succ,
1085 3217 1108 3266 (1.
1131 3214 1189 3265 Scio
1200 3213 1264 3264 oraui

136 3286 177 3334 vel
189 3284 245 3335 Scio
256 3284 407 3348 inconditam,
419 3288 492 3339 codd.
503 3289 580 3338 Rana.
593 3327 627 3338 ..
639 3286 792 3348 aristarum,
804 3287 830 3336 R
841 3283 982 3350 (Mnrbac.)
1003 3281 1148 3342 auruum,
1158 3277 1209 3340 ᾱβ.
1227 3321 1261 3331 ..

138 3359 287 3400 normarum
294 3352 389 3418 fronde
404 3353 566 3416 harundineo,
582 3354 797 3419 qaueiforamine,
813 3351 953 3418 amirdalis
969 3350 1074 3415 linquae,
1086 3356 1213 3410 vilmar
1225 3348 1259 3397 K·

136 3417 255 3466 arundine
266 3419 458 3483 aquasoromine
469 3420 626 3486 inspirantes,
637 3437 658 3472 r.
680 3423 760 3473 Varia
774 3430 857 3473 mutat
871 3421 959 3475 Duce.
985 3457 1018 3467 -
1044 3415 1179 3480 Quaeve,
1194 3413 1261 3464 Rdl'

137 3483 278 3550 (Mnrbac.)
296 3485 443 3552 linquaeque,
453 3484 505 3554 βγ.
524 3528 557 3540 ...
574 3485 694 3554 oppositnl
706 3485 771 3554 aral,
784 3492 809 3542 (1.
827 3530 860 3542 ...
877 3484 1036 3549 Macrum,
1047 3485 1072 3535 d.
1094 3523 1127 3535 ..
1150 3480 1261 3532 similitu·

137 3551 223 3617 drrrem,
236 3557 260 3605 d.

171 3641 240 3704 sss.
257 3637 436 3703 raaudus.
459 3639 591 3705 naar.
613 3682 646 3692 ..
668 3638 788 3705 rafiam,
800 3643 853 3694 ra
872 3683 904 3693 ..
920 3623 1189 3706 'aequaturus
1201 3637 1262 3689 mr.

138 3709 214 3758 anim.
228 3714 251 3768 9,
263 3714 302 3759 15.
320 3748 353 3758 ..
370 3707 483 3772 Pariunt,
493 3725 518 3759 v.
529 3710 662 3761 Aristotel.
674 3711 722 3760 l.l.
736 3715 759 3772 5,
773 3716 796 3760 9.
807 3726 834 3775 p.
847 3708 915 3762 5421‘
928 3714 970 3762 25.

172 3791 241 3854 586.
259 3790 533 3856 ficedamvhnstot.
549 3795 635 3856 l.l.9,
653 3801 694 3846 49.
710 3809 736 3859 p.
749 3791 817 3845 6321>
830 3801 871 3846 32.
898 3834 931 3846 ...
956 3792 1011 3846 Hoc
1028 3799 1105 3843 ramea
1120 3805 1214 3850 acmen,
1230 3791 1262 3840 Τ.

138 3861 224 3910 Multa
235 3862 262 3910 in
273 3861 299 3910 h.
310 3861 328 3910 Ι.
340 3869 423 3913 tentat
433 3864 501 3914 Pint.
527 3904 560 3912 -
586 3864 890 3925 αιιῑιιηιηο-ροειεα,11(1.
917 3877 964 3910 aon
979 3859 1027 3910 arii
1042 3867 1153 3910 summac
1169 3856 1263 3919 habeat,

136 3933 221 3989 postca
232 3927 293 3989 mel,
303 3924 332 3989 β.
351 3971 383 3980 ..
402 3938 522 3993 comatur,
533 3947 554 3982 r.
572 3970 605 3981 ..
621 3927 761 3995 Aeschylus,
773 3930 842 3995 apud
852 3929 986 3981 Aristotel.
998 3929 1017 3980 l.
1028 3929 1046 3978 l.
1065 3967 1098 3979 ..
1115 3932 1199 3992 porus,
1210 3939 1263 3975 om.

139 3993 207 4043 Pint.
225 4033 258 4043 ..
275 4009 317 4043 ceu
330 3995 433 4059 tradens,
446 3999 470 4046 d.
488 4038 521 4050 ...
539 4014 599 4061 eam,
611 3999 644 4049 R.
660 4010 723 4059 amo,
735 3997 759 4046 d.

174 4078 242 4140 587.
272 4076 376 4139 Oronte,
392 4081 425 4130 R.
447 4081 855 4146 V.Aristot.1.1.p.eea³15.
874 4119 907 4129 ..
928 4077 1050 4142 Merulae,
1061 4095 1085 4129 v.
1096 4078 1204 4130 Aristot.
1215 4077 1233 4128 l.
1244 4076 1264 4128 1.

141 4150 166 4205 a,
180 4149 220 4193 19.
233 4150 258 4193 ct
270 4143 351 4195 Solia.
365 4151 388 4206 τ,
401 4151 441 4196 ra.
459 4187 491 4199 ..
514 4147 589 4210 auci,
600 4148 685 4199 Hand.
696 4148 807 4199 Tuscu.
821 4154 848 4208 1,
860 4151 919 4197 aar.
931 4150 989 4198 277.
1016 4145 1099 4210 aliubi,
1111 4141 1214 4212 Rdstr.
1232 4183 1265 4197 ..

142 4210 214 4277 sura
225 4218 268 4276 ar,
278 4211 310 4261 R.
328 4211 455 4276 narsae,
471 4214 506 4265 v.
517 4215 625 4268 Anaua
637 4216 655 4267 1.
667 4216 687 4267 1.
699 4220 724 4281 a,
736 4218 778 4268 ar.
789 4223 816 4268 a
826 4214 907 4269 Solia
919 4220 962 4279 aa,
973 4220 1014 4266 aa.
