2896 4800
199 242 262 308 388
552 258 757 306 nannenus
778 258 975 307 ursroamn

198 430 427 497 proxumarum
460 429 586 494 semper
620 409 772 475 bonitatis
805 411 1023 475 deminutione
1051 412 1094 474 ad
1119 404 1323 479 deterrimas.

197 510 380 596 Numquam
400 508 509 597 plures
531 531 627 596 scapo
648 531 744 594 quam
766 510 907 576 vicenae.
1387 580 1390 587 ,

244 614 295 677 24.
316 609 442 698 Magna
461 611 497 675 in
518 610 685 677 latitudine
707 634 817 677 earum
839 612 1035 678 differentia:
1065 635 1127 677 xu1
1148 613 1325 702 digitorum
1341 634 1373 680 ts

198 713 348 800 optumis,
376 713 440 778 duo
462 711 674 778 detrahuntur
694 713 881 790 hieraticae3
908 711 1077 778 Fanniana
1102 714 1205 780 denos
1225 717 1325 784 habet

196 826 230 881 et
251 838 317 880 uno
338 815 445 881 minus
467 813 745 899 amphitheatrica,
774 814 944 900 pauciores
968 813 1097 894 Saitica,
1126 839 1187 882 uec
1207 820 1324 886 malleo

197 917 334 995 sufficit3
361 939 437 981 nam
459 915 669 1002 emporeticae
690 915 834 982 brevitas
857 939 914 983 sex
943 915 1063 1004 digitum
1091 941 1157 984 non
1185 920 1322 986 excedit.

195 1017 373 1085 Praeterea
394 1028 559 1105 spectatur
579 1017 614 1082 in
636 1017 756 1084 chartis
772 1019 921 1096 tenuitas,
944 1018 1098 1099 densitas,
1121 1020 1249 1100 candor,
1272 1022 1322 1088 le-

196 1141 264 1185 vor.
286 1119 466 1187 Primatum
488 1119 626 1184 mutavit
648 1116 806 1185 Claudius
827 1117 964 1197 Caesam
987 1120 1086 1185 nimia
1106 1122 1228 1208 quippe
1248 1122 1322 1190 Au·
1337 1138 1370 1186 ra

195 1233 311 1309 gastae
340 1221 479 1287 tenuitas
507 1220 680 1286 tolerandis
708 1243 772 1288 non
801 1221 984 1288 sufficiebat
1011 1222 1157 1303 calamis3
1190 1223 1233 1288 ad
1260 1224 1322 1291 hoc

196 1322 417 1389 transmittens
443 1322 565 1387 litteras
591 1322 708 1388 liturae
736 1332 858 1388 metum
884 1322 1050 1389 adferebat
1077 1346 1118 1389 ex
1145 1325 1267 1392 aversis
1288 1337 1322 1392 et
1381 1367 1389 1377 κ

194 1423 275 1489 alias
296 1424 446 1489 indecoro
467 1423 541 1488 visu
561 1423 826 1508 pertranslucida.
855 1422 960 1512 Igitur
983 1424 1124 1490 secundo
1146 1425 1231 1492 corio
1252 1437 1320 1492 sta·

196 1525 322 1591 tumina
343 1524 431 1590 facta
453 1533 528 1588 sunt
550 1534 582 1589 et
602 1524 707 1609 primo
722 1524 913 1590 subtemina.
934 1524 1038 1590 Auxit
1057 1536 1089 1592 et
1102 1527 1320 1607 latitudinem3
1334 1543 1369 1588 80

196 1625 323 1710 pedalis
344 1648 496 1691 mensura
517 1635 586 1690 erat
607 1635 640 1690 et
661 1625 811 1691 cubitalis
832 1628 1043 1706 macrocollis,
1071 1627 1130 1693 sed
1154 1629 1235 1694 ratio
1263 1632 1321 1695 de-

195 1725 367 1812 prehendit
388 1726 513 1804 vitium,
539 1727 635 1791 unius
663 1726 800 1793 schedae
827 1728 1005 1794 revulsione
1026 1729 1128 1815 pluris
1149 1728 1321 1795 infestante
1394 1806 1400 1812 ,

195 1827 342 1914 paginas.
376 1825 430 1895 Ob
456 1828 537 1895 haec
563 1829 709 1915 praelata
735 1827 883 1895 omuibus
912 1827 1060 1908 Claudia,
1088 1828 1257 1919 Augustae
1285 1831 1320 1897 in

196 1929 343 2014 epistulis
370 1931 542 1996 auctoritas
570 1931 697 2009 relicta;
730 1918 870 1997 Liviana
898 1955 990 1997 auam
1019 1931 1133 2010 tenuit,
1161 1932 1213 1998 cui
1240 1933 1321 1999 nihil

197 2053 215 2096 e
235 2031 341 2117 prima
362 2041 431 2096 erat
451 2032 509 2097 sed
529 2032 637 2098 omnia
659 2033 810 2098 secunda.

239 2134 291 2198 25.
325 2130 489 2199 Scabritia
514 2133 675 2220 levigatur
702 2135 799 2200 dente
828 2136 999 2214 conchave,
1028 2135 1085 2201 sed
1107 2136 1245 2202 caducae
1265 2135 1319 2199 lit-
1332 2150 1364 2197 ει

196 2244 283 2303 berae
297 2234 389 2300 fiunt.
410 2233 522 2300 Minus
538 2235 647 2301 sorbet
666 2235 805 2320 politura
819 2234 941 2314 charta,
956 2237 1060 2325 magia
1075 2237 1229 2322 splendet.
1250 2235 1319 2303 Re-

193 2335 295 2409 bellat
323 2360 420 2424 saepe
449 2359 542 2403 umor
569 2337 731 2406 incuriose
746 2336 855 2403 datus
876 2337 980 2424 primo
1001 2339 1180 2425 malleoque
1202 2339 1318 2426 depre-

196 2429 353 2502 henditur
375 2448 432 2504 aut
458 2438 554 2504 etiam
576 2439 686 2517 odore,
716 2461 789 2506 cum
810 2439 909 2505 fuerit
929 2439 1157 2529 indiligentior.
1188 2438 1318 2528 Depre·

196 2537 347 2608 heuditur
374 2549 407 2605 et
432 2539 553 2629 lentigo
575 2539 689 2618 oculis,
716 2540 773 2606 sed
793 2546 914 2607 inserta
939 2542 1056 2614 mediis
1076 2542 1318 2632 glutinamentis

230 2746 399 2808 deminutione,
417 2751 443 2800 R
459 2745 546 2811 (codd.
561 2751 652 2800 Leidd.
669 2765 709 2814 ap.
727 2750 842 2802 Oudeud.
863 2752 897 2800 ad
912 2751 982 2802 Suet.
999 2750 1072 2802 Caes.
1091 2748 1128 2812 5.)
1156 2747 1316 2816 dimicatione,

196 2811 289 2879 adssy.
307 2857 339 2867 ..
354 2814 438 2880 plures
446 2815 612 2881 plilurae,K.
636 2858 668 2868 ..
690 2815 827 2880 vicinaad.
1009 2846 1014 2853 ·

230 2902 297 2964 §78.
323 2900 356 2963 in,
368 2916 419 2952 om.
432 2904 456 2951 d.
483 2943 515 2952 -
541 2902 677 2963 cubitorum,
689 2904 721 2954 R.
748 2943 781 2952 ..
807 2901 921 2966 ducali.
938 2945 970 2954 -
997 2902 1264 2968 amphitheatriu’ca,R
1283 2945 1315 2955 ..

195 2966 284 3030 mallio,
296 2970 329 3020 R.
345 2967 371 3017 in
382 2968 438 3033 alb,
450 2972 474 3021 d.
492 2968 549 3033 alio,
561 2987 577 3021 a
588 2969 688 3034 (Ouiae.
700 2986 741 3034 ap.
754 2970 876 3035 Scaliger.
887 2987 912 3035 p.
926 2969 989 3034 45.,·)
1001 2973 1045 3036 qui
1056 2988 1103 3022 non
1113 2971 1162 3021 alio
1179 2987 1224 3037 per
1239 2970 1317 3020 minus

195 3037 314 3102 explicat.
333 3079 365 3087 -
382 3045 509 3102 spectatur,
521 3039 552 3090 R.
571 3045 714 3104 epmtantar,
726 3033 818 3104 adssr.
837 3080 868 3089 -
888 3037 959 3100 levor,
971 3056 994 3089 a.

227 3123 243 3186 5
257 3123 296 3172 79.
314 3123 437 3184 mutuavit,
449 3125 494 3173 ad
512 3166 544 3174 -
564 3122 700 3186 tolerandis,
713 3125 745 3173 R.
768 3121 911 3185 tenercndis,
924 3141 940 3174 a
951 3121 1053 3185 (Ouiae.
1066 3140 1105 3189 ap.
1118 3123 1211 3188 scalig.
1223 3140 1248 3188 p.
1260 3123 1317 3188 46.)

110 3242 114 3248 ,
195 3187 308 3248 tenenda,
320 3190 373 3240 To.
393 3190 559 3254 temperandis,
572 3193 590 3243 S
603 3189 703 3254 (Ouiae.
716 3207 786 3242 am.
799 3190 861 3254 sec.)
881 3188 1013 3253 tenuandis,
1022 3192 1090 3242 Pint.
1109 3191 1249 3254 temperatis,
1260 3191 1317 3243 Sal-

194 3272 257 3308 mas.
267 3259 300 3308 ad
309 3258 368 3307 hist.
381 3259 450 3322 Aug.
460 3275 484 3323 p.
494 3266 552 3309 449.
561 3261 585 3309 b.
595 3261 629 3310 A.
638 3261 672 3309 D.
686 3300 718 3309 ..
731 3259 870 3322 tramittens,
880 3276 902 3309 a.
916 3300 947 3308 ..
961 3275 990 3308 ex
999 3259 1096 3319 annau,
1105 3258 1191 3309 RSar
1202 3256 1317 3321 (Cuiac.)

194 3339 224 3372 er
235 3323 351 3386 adversm,
360 3327 443 3375 TKd.
462 3325 575 3386 adversis,
587 3323 616 3388 β.
635 3368 667 3376 -
681 3325 854 3391 pertralncidu,
866 3343 889 3376 a.
909 3369 941 3377 -
964 3325 1072 3388 secundo,
1083 3326 1154 3375 Rad.
1171 3332 1195 3371 et
1204 3325 1316 3386 secundo,

193 3386 254 3452 Κβ.
276 3390 443 3456 εεεαιπάο,γ.
461 3395 495 3442 V.
508 3395 540 3443 ad
553 3401 594 3454 35,
608 3401 648 3445 48.
676 3434 708 3444 ..
735 3389 1238 3457 statumina,RSTad(codd.Barbari.)
1264 3399 1316 3440 sta.

193 3457 267 3518 mina,
279 3459 347 3508 Pint.
360 3461 393 3510 K.
411 3501 443 3509 -
462 3468 492 3521 et,
505 3476 528 3509 a.
546 3468 579 3520 ut,
590 3463 624 3511 K.
643 3477 662 3522 e,
674 3456 777 3526 Rdssy.
795 3502 827 3511 ..
844 3462 982 3524 subtemina,
994 3461 1046 3514 Rd.
1064 3457 1201 3522 septemina‚
1214 3475 1237 3508 a.
1259 3461 1316 3508 sub-

194 3524 309 3591 tepmt'na,
320 3528 354 3576 Κ.
379 3526 531 3591 sabteqmine,
542 3525 571 3591 β.
594 3536 618 3578 et
627 3526 743 3577 secundae
755 3529 817 3578 caric
828 3530 959 3579 statumina
962 3530 1038 3593 sacta
1048 3534 1102 3577 sunt
1109 3527 1125 3574 ‘e
1134 3525 1228 3590 primm
1239 3528 1316 3576 subte-

193 3592 262 3656 mine,
275 3593 389 3658 Scaliger
400 3609 425 3658 p.
439 3601 480 3646 48.
754 3603 756 3607 ’

228 3680 243 3742 §
256 3686 296 3730 80.
314 3676 378 3728 Auri
388 3687 411 3727 et
422 3678 464 3741 ita,
476 3681 509 3732 R.
523 3723 554 3733 ..
560 3680 653 3746 pedali,
661 3684 735 3733 Rad.
748 3724 780 3732 ..
789 3698 901 3731 mensura
909 3689 968 3743 erat,
977 3683 1052 3734 Rad.
1064 3688 1117 3732 erat
1129 3697 1240 3731 mensura
1255 3689 1316 3742 erat,

194 3746 226 3796 Τ.
244 3753 298 3794 erat
308 3762 427 3809 mensura,
439 3743 490 3814 βγ.
503 3789 534 3798 -
550 3748 705 3813 macrocollir,
717 3751 837 3801 RTadr.
855 3748 1000 3813 maerocolis,
1011 3745 1041 3812 β.
1053 3760 1087 3800 ’..
1098 3748 1190 3811 raedae,
1202 3765 1226 3799 a.
1244 3746 1316 3810 accde,

193 3812 225 3862 R.
236 3853 267 3862 ..
277 3814 417 3877 revcaicnea,
429 3817 461 3865 R.
472 3857 503 3866 -
519 3814 655 3881 ampliores,
666 3818 700 3868 Κ.
710 3858 742 3868 -
752 3817 804 3880 loc,
812 3814 842 3879 β.
852 3859 884 3869 ..
894 3834 906 3866 e
914 3819 1004 3883 prima,
1016 3819 1048 3868 R.
1061 3817 1154 3882 prima,
1165 3817 1204 3867 ad
1216 3814 1316 3877 (Ouiae.

193 3894 234 3944 ap.
248 3880 342 3946 Scalig.
358 3899 383 3947 p.
396 3881 451 3946 49.)
473 3882 591 3947 primun,
608 3884 651 3936 Sr.
674 3885 780 3948 primae,
797 3885 919 3950 Scaliger,
933 3900 961 3951 r.
986 3926 1019 3936 -
1046 3883 1161 3948 secunda,
1178 3883 1317 3936 RSTadr

194 3945 307 4011 (Ouiae.)
326 3948 460 4014 caecando,
471 3947 501 4013 β.
518 3950 642 4014 secundae,
654 3952 776 4016 Scaliger,
787 3967 812 4019 γ.

227 4032 242 4092 §
255 4037 296 4081 81.
316 4031 438 4099 levigatur,
451 4051 476 4086 a.
487 4076 519 4086 ..
530 4036 755 4101 pauentiumque,
768 4037 845 4088 R'l'd
856 4035 957 4100 (Ouiae.
969 4054 1010 4103 ap.
1023 4038 1118 4102 Scalig.
1129 4053 1154 4102 p.
1169 4032 1221 4097 52.)
1236 4033 1317 4098 ptimo

193 4093 347 4162 malleoquae,
359 4117 382 4152 a.
396 4102 475 4166 primo
487 4102 571 4154 maliec
582 4104 663 4167 quiet,
676 4105 702 4156 S.
716 4105 841 4170 primoque
852 4104 944 4167 malleo,
955 4101 985 4168 β.
998 4147 1030 4155 ..
1048 4113 1098 4166 aut,
1111 4108 1135 4156 d.
1152 4120 1202 4166 aut,
1215 4119 1237 4153 a.
1256 4119 1273 4150 a
1283 4102 1316 4162 vi,

193 4162 220 4215 S.
239 4171 262 4211 et
273 4163 304 4226 oi,
316 4182 336 4216 r.
362 4169 818 4235 autetiam-Deprehenditurom.1l.
844 4214 876 4224 ..
903 4170 984 4238 odore,
995 4175 1041 4224 ad.
1062 4172 1148 4233 odeas
1164 4171 1208 4223 Sr.
1234 4167 1316 4231 adore,

192 4230 301 4284 Salmas.
313 4240 339 4284 et
351 4233 471 4301 Scaliger.
490 4278 522 4289 ..
532 4239 620 4303 suerit,
633 4242 657 4290 d.
667 4239 728 4304 suit,
739 4241 792 4293 Ta.
808 4240 890 4304 suerit
900 4257 950 4304 ars,
961 4241 994 4292 K.
1021 4280 1053 4292 ..
1080 4237 1246 4305 indulgentior,
1257 4237 1315 4290 Sal·
