2896 4800
135 214 197 278 262
491 225 695 273 utrumme
716 225 912 274 marorum

135 383 327 470 magnorum
350 378 493 444 siderum
516 387 639 459 exortu,
662 387 831 464 praeterea
845 377 995 458 solstitio,
1017 397 1092 444 cum
1114 377 1263 464 thymum

137 495 169 552 et
196 506 261 549 uva
285 482 399 547 florere
428 479 598 567 incipiunt,
626 480 801 566 praecipua
830 477 983 547 cellarum
1012 479 1157 546 materia.
1198 479 1263 548 Est
1276 500 1309 546 aa

136 595 245 653 autem
271 585 306 648 in
333 581 513 648 eximendis
541 581 626 646 favis
652 581 834 647 necessaria
860 579 1073 667 dispensatio,
1110 582 1263 666 quoniam

135 687 244 772 inopia
271 684 334 750 cibi
363 683 538 768 desperant
563 682 808 767 moriunturque
839 691 895 747 aut
919 682 1113 771 diffugiunt,
1149 684 1263 752 contra

137 789 230 878 copia
250 785 414 874 ignaviam
435 785 540 850 adfert
560 806 599 849 ao
620 785 685 848 iam
706 785 809 863 melle,
832 806 898 849 non
920 784 1060 851 erithace
1074 798 1263 871 pascuntur.

136 893 227 979 Ergo
248 888 467 977 diligentiores
489 910 530 952 ex
551 887 611 953 hac
629 887 794 952 'vindemia
807 910 864 952 xv.
880 897 1007 974 partem
1024 887 1140 974 apibus
1161 889 1263 957 relin-

137 1003 225 1060 cunt.
260 990 343 1058 Dies
371 999 475 1055 status
503 988 718 1068 inchoandae,
746 998 784 1054 ut
811 988 951 1074 quadam
970 988 1045 1077 lege
1065 999 1212 1072 naturae,
1235 992 1264 1056 si

139 1095 221 1161 scire
249 1101 307 1158 aut
333 1091 504 1157 observare
536 1090 683 1156 homines
708 1091 822 1168 velint,
857 1083 1038 1157 tricesimus
1070 1091 1111 1157 ab
1148 1093 1264 1160 educto

138 1195 286 1262 examine
311 1193 442 1278 fereque
463 1191 555 1258 Maio
575 1214 686 1259 mense
706 1192 883 1259 includitur
903 1193 985 1259 haec
1005 1192 1177 1260 vindemia.
1199 1194 1262 1260 Al-
1276 1209 1310 1256 ao

139 1308 244 1364 terum
270 1317 373 1382 genus
401 1305 452 1361 est
477 1293 581 1360 mellis
609 1294 723 1360 aestivi
751 1295 838 1380 quod
859 1294 933 1361 ideo
954 1304 1088 1360 vocatur
1110 1298 1221 1382 ὡραῖον
1243 1318 1264 1362 ιι

139 1397 388 1486 tempestivitate
409 1397 596 1484 praecipua,
618 1396 690 1483 ipso
712 1396 788 1463 sirio
810 1397 1097 1484 exsplendescente
1110 1403 1185 1483 post
1198 1396 1264 1462 sol·

140 1500 263 1567 stitium
290 1499 405 1566 diebus
435 1497 565 1564 tricenis
592 1497 672 1564 fere.
714 1497 866 1565 Inmensa
892 1498 978 1564 circa
1009 1496 1072 1563 hoc
1105 1497 1265 1564 subtilitas

138 1612 275 1667 naturae
295 1599 485 1667 mortalibus
506 1599 671 1686 patefacta
692 1611 756 1679 est,
783 1601 818 1665 ni
844 1600 935 1666 fraus
962 1598 1127 1665 hominum
1149 1609 1266 1665 cuncta

140 1703 283 1790 pernicie
305 1711 540 1790 conrumperet.
576 1699 725 1787 Namque
745 1702 786 1768 ab
809 1713 924 1768 exortu
946 1700 1061 1767 sideris
1081 1701 1264 1766 cuiuscum·
1277 1716 1311 1765 ar

142 1826 216 1890 que,
246 1806 306 1871 sed
325 1804 483 1872 nobilium
502 1826 664 1883 maxume,
692 1814 749 1869 aut
770 1803 915 1870 caelestis
937 1825 1042 1882 arcus,
1072 1801 1102 1868 ai
1126 1823 1191 1868 non
1211 1824 1265 1868 se-

144 1917 284 1991 quantur
308 1906 429 1973 imbres
459 1905 516 1972 sed
541 1927 595 1971 ros
617 1915 762 1993 tepescat
782 1905 860 1973 solis
880 1905 991 1985 radiis,
1020 1904 1266 1984 medicamenta,

143 2031 209 2074 uon
230 2010 325 2075 mella
346 2009 533 2097 gignuntur,
556 2007 667 2088 oculis,
689 2007 851 2075 ulceribus
872 2007 1074 2092 internisque
1088 2005 1266 2074 visceribus

74 2148 77 2153 -
143 2111 228 2177 dona
248 2110 408 2178 caelestia.
431 2109 529 2193 Quod
551 2111 579 2176 si
601 2120 747 2176 servetur
767 2109 829 2176 hoc
852 2109 928 2175 sirio
944 2110 1106 2176 exoriente
1122 2129 1265 2192 casuque

142 2223 299 2302 congruat
323 2214 358 2278 in
385 2214 523 2280 eundem
545 2212 631 2279 diem
651 2222 690 2278 ut
711 2234 808 2299 saepe
829 2211 968 2278 Veneris
989 2221 1047 2278 aut
1066 2208 1153 2277 Iovis
1173 2207 1265 2275 Mer·

143 2315 252 2382 aurive
279 2326 422 2394 exortus,
448 2336 515 2380 non
541 2315 603 2380 alia
631 2314 772 2380 suavitas
799 2312 912 2396 visque
932 2312 1113 2380 mortalium
1133 2309 1268 2378 melisa

142 2427 246 2483 morte
267 2416 422 2483 vocandis
443 2436 540 2500 quam
560 2414 661 2480 divini
681 2413 821 2479 nectaris
840 2413 907 2480 fiat

176 2619 284 2685 solstitio,
294 2623 318 2672 d,
335 2616 568 2685 soliuROQodd,
578 2622 690 2672 anneb.
700 2622 757 2672 adv.
767 2627 790 2684 5,
802 2620 855 2686 14.)
871 2622 1122 2676 Retinuilactionem
1128 2623 1268 2687 vulgatam,

143 2690 303 2742 scribendum
314 2705 375 2740 vero
386 2697 450 2755 puto
461 2687 548 2738 solstiti
558 2690 574 2739 i.
587 2704 609 2739 o.
620 2687 723 2751 solstitii,
734 2697 764 2740 ut
775 2705 810 2741 ex
821 2691 990 2755 superioribus
1006 2690 1156 2756 suppleatur
1173 2696 1269 2752 exortu3

138 2758 246 2808 'solstitii
262 2759 330 2808 enim
345 2765 465 2819 exortus,
481 2756 524 2807 boc
539 2763 575 2805 ert
589 2753 721 2821 lonyisrimt
735 2755 784 2806 diei
797 2755 856 2820 (18,
875 2755 958 2822 aaa),
973 2772 1028 2808 non
1045 2759 1131 2810 minus
1141 2759 1207 2808 bene
1219 2757 1269 2808 dici

143 2832 230 2890 potest
244 2841 322 2890 quam
338 2834 444 2877 exortus
456 2825 597 2877 solstitialis
613 2832 639 2874 et
653 2825 700 2876 illo
717 2825 776 2878 loco
794 2833 820 2879 et
831 2826 894 2877 alibi
904 2841 921 2876 a
930 2825 1016 2879 Plinio
1028 2827 1118 2879 dimus.
1135 2827 1270 2877 Praeterea

143 2894 247 2959 planam
262 2909 331 2958 pone
350 2901 434 2943 exortu
449 2893 679 2958 interpunctionem
694 2895 791 2944 mutavi
805 2894 918 2956 minore,
934 2901 964 2944 ut
974 2908 1015 2943 ιι.
1022 2893 1158 2959 praecipuo
1168 2892 1270 2943 maone

144 2962 195 3013 siut
206 2962 311 3013 ablativi
323 2962 443 3014 absoluti.
462 3003 494 3012 ..
513 2960 623 3025 dumam,
636 2963 668 3012 11.

177 3057 246 3121 §Sta
269 3053 413 3122 diffbyiunt,
428 3055 528 3108 uuor.
550 3053 678 3120 effipiam,
689 3050 720 3117 β.
743 3095 775 3105 -
792 3052 869 3116 ΧΥ,
880 3044 942 3105 ΒΘ.
960 3053 1068 3117 quarm
1079 3051 1202 3115 decimam
1214 3053 1269 3104 ’1)1.

144 3120 317 3186 ἀωᾶιοίιιιαιη,
331 3120 384 3190 βγ.
407 3124 514 3188 quinimo
530 3131 575 3173 out
589 3121 716 3184 decimam,
733 3122 852 3174 Schneid.
869 3122 902 3173 ad
918 3120 1020 3173 Colum.
1036 3122 1084 3173 IX.
1102 3128 1147 3182 15,
1160 3129 1184 3172 8.
1195 3122 1270 3172 valde

143 3191 315 3256 probabiliter.
340 3189 454 3242 mamam
475 3199 520 3243 aut
539 3190 616 3253 ΠΧ,
631 3191 715 3243 Ursiu
731 3193 766 3242 ad
780 3192 855 3242 Varr.
871 3191 903 3240 de
918 3204 946 3240 re
960 3199 1023 3241 rust
1038 3189 1090 3240 III.
1107 3195 1151 3251 16,
1167 3195 1209 3238 33.
1236 3227 1268 3238 .-

144 3257 281 3322 inrboundi,
292 3255 322 3322 β.
341 3301 373 3310 ..
387 3257 414 3308 'et
424 3258 538 3323 quodum,
549 3260 640 3311 Dalec.

121 3349 125 3355 ’
166 3351 247 3469 &3
267 3349 386 3480 (beappo,
398 3352 477 3402 Hand.
495 3366 590 3412 oraton,
601 3350 633 3401 R.
651 3367 729 3414 meon,
742 3353 766 3401 1.
785 3349 904 3412 beraeam,
915 3346 944 3413 β
963 3390 995 3400 ..
1011 3346 1149 3407 sublimitas,
1160 3345 1217 3396 ST.
1235 3385 1267 3396 ..

145 3434 178 3482 ιιι,
237 3435 316 3480 ,aaa
353 3431 379 3482 r.

179 3513 194 3577 ς
207 3515 248 3562 37.
267 3507 364 3560 coelesti
374 3526 440 3573 arcu,
453 3511 562 3562 Salmas.
574 3525 656 3562 exerc.
668 3526 694 3574 p.
708 3515 764 3563 718.
778 3528 800 3562 a
811 3511 847 3563 A.
865 3553 897 3562 ..
916 3492 1035 3562 medicata
1045 3503 1120 3570 molle,
1129 3507 1221 3561 Dalec
1238 3547 1270 3558 ..

146 3578 235 3644 caque,
248 3579 322 3630 codd.
329 3578 393 3630 .Gel.
411 3577 513 3644 suaque,
524 3579 577 3630 Rd.
595 3618 628 3630 ..
645 3576 754 3642 vocandi,
765 3579 819 3630 Rd.

180 3675 194 3737 §
207 3679 248 3724 38.
270 3670 363 3735 verius,
378 3673 411 3724 R.
434 3714 467 3723 ..
490 3689 582 3733 sereno,
598 3673 655 3722 Ru
676 3688 773 3736 saona,
787 3667 839 3736 βγ.
859 3713 892 3723 -
901 3671 986 3736 flacit,
997 3663 1217 3732 1181111711.
1229 3684 1271 3734 ap.

147 3740 259 3791 Gronov.
276 3742 343 3792 obss.
361 3747 390 3802 2,
409 3747 448 3792 16.
465 3756 491 3805 p.
509 3739 582 3803 343.)
599 3736 707 3803 fluiass.
726 3780 758 3790 -
776 3739 920 3805 appelbtnr,
932 3734 1065 3802 ΒθὸΤᾱ.
1081 3736 1271 3802 appellaturque,

146 3802 176 3868 β.
198 3849 230 3859 -
253 3815 358 3871 metum,
372 3810 399 3860 R
407 3801 515 3871 osum
530 3823 555 3858 r.
571 3809 685 3859 Lobeclu
701 3809 728 3858 in
739 3815 798 3860 actt
810 3810 898 3859 societ
910 3808 954 3860 Gr.
967 3814 991 3870 2,
1003 3812 1062 3859 301.
1079 3813 1184 3867 cecoton,
1197 3807 1271 3855 codd

146 3874 261 3938 Barbari,
272 3871 301 3938 β.
320 3884 433 3938 cocetum,
444 3878 516 3927 Laid.
535 3874 633 3937 aean,
643 3877 712 3926 Pint.
729 3891 832 3940 acerum,
844 3879 932 3928 Potor.
950 3883 976 3925 et
990 3875 1110 3927 Schneid.
1122 3876 1156 3925 ad
1167 3872 1270 3924 Colum.

147 3941 210 3991 XII.
224 3949 247 4002 5,
262 3949 284 3992 1.
302 3937 419 4010 ἅκηρον,
436 3947 491 3995 Ian.
508 3945 536 3993 in
550 3951 635 3993 nuntt.
650 3945 700 3993 litt.
716 3945 819 3994 Monac.
834 3951 906 3995 1836.
919 3959 957 3993 ιιι.
971 3949 1028 3994 166.
1039 3957 1065 4007 p.
1078 3948 1137 3995 284.
1149 3940 1271 3994 Glossam

147 4009 271 4072 Hesychii
283 4003 381 4077 ἅκητον
393 4007 534 4075 κράτιστοι
546 4012 597 4061 huc
608 4025 661 4061 non
672 4011 796 4075 pertinere
807 4013 870 4062 vidit
880 4014 932 4062 iam
944 4010 1092 4062 Schneider.
1115 4049 1148 4061 ..
1171 4015 1206 4059 ert
1216 4005 1271 4057 asti·

148 4090 210 4137 ιιιιιιι,
222 4077 267 4126 111.
285 4084 320 4125 est
330 4078 403 4140 aaa,
414 4079 459 4128 R¹.
477 4086 520 4128 rat
531 4076 581 4127 Est
591 4077 676 4140 etaiam,
687 4077 760 4128 Laid.
778 4086 813 4128 ast
824 4079 907 4141 auom,
919 4096 939 4129 r.
957 4080 1037 4130 Hand.
1048 4091 1074 4143 γ.
1096 4068 1273 4142 Vulgatamss

148 4149 234 4193 tuetur
244 4142 353 4194 Salmas.
365 4159 446 4197 exerc.
458 4161 484 4210 p.
498 4149 554 4198 763.
567 4161 591 4195 a.
602 4146 633 4195 Ε.
652 4185 684 4195 -
701 4151 729 4194 ot
739 4142 1000 4210 calamitatum
1012 4159 1059 4212 pro
1072 4147 1113 4198 his
1123 4160 1165 4196 vv.
1176 4145 1273 4196 habent

149 4208 188 4259 vel
198 4207 236 4273 (7)
254 4209 389 4260 rbcbribua
399 4213 453 4278 Ro,
465 4221 492 4264 ιιι
502 4211 639 4263 turbatus
650 4213 682 4275 Τ,
695 4219 720 4262 ut
731 4210 845 4266 alarum
855 4230 876 4278 r,
893 4216 963 4281 quod
973 4212 1214 4280 mausum,
1236 4209 1275 4262 vel
