2896 4800
192 245 255 308 330
544 261 748 309 uaruasurs
770 261 966 309 msronmu

192 412 323 502 gestari,
351 412 412 475 nisi
438 412 659 477 infoderentur
686 414 782 478 etiam
808 412 942 498 corpori.
978 410 1196 492 Quamobrem
1224 411 1317 495 sequi

191 536 252 601 par
274 524 324 578 est
346 512 490 578 ordinem
512 513 598 578 vitae
621 525 653 578 et
674 514 804 581 arbores
826 525 901 579 ante
923 513 985 577 alia
1000 513 1106 578 dicere
1121 534 1159 577 ac
1173 512 1317 576 moribus

191 614 367 702 primordia
387 615 544 700 ingerere.

236 712 322 781 Cre.
337 715 364 778 I.
389 716 418 778 2.
441 713 533 779 Haec
554 716 642 779 fuere
656 716 824 780 numinum
840 715 958 801 templa
972 715 1143 800 priscoque
1157 714 1222 777 ritu
1237 713 1344 777 sim-a

169 817 290 915 plicia
315 839 392 881 rura
420 817 514 881 etiam
542 839 627 882 nunc
654 817 714 882 deo
744 818 990 904 praecellentem
1017 816 1165 881 arborem
1190 816 1314 892 dicant,

192 940 251 983 nec
273 919 379 1005 magis
402 941 480 982 auro
501 918 659 1005 fulgentia
679 930 775 1002 atque
798 918 895 984 ebore
916 917 1086 983 simulacra
1109 938 1205 1002 quam
1226 916 1316 981 lucos

192 1029 224 1084 et
245 1018 279 1081 in
300 1019 350 1084 his
374 1019 501 1084 silentia
522 1019 594 1106 ipsa
615 1020 795 1085 adoramus.
817 1020 982 1085 Arborum
996 1041 1116 1106 genera
1130 1015 1316 1081 numinibus

192 1120 260 1184 suis
291 1120 397 1185 dicata
423 1132 580 1207 perpetuo
608 1132 793 1200 servantur,
821 1131 858 1185 ut
882 1120 954 1186 Iovi
982 1121 1144 1197 aesculus,
1170 1116 1315 1203 Apollini

190 1220 312 1300 laurus,
336 1221 504 1287 Minervae
519 1223 599 1302 olea,
622 1222 744 1288 Veneri
758 1233 894 1308 myrtus,
909 1221 1044 1287 Herculi
1058 1221 1214 1308 populus3
1237 1217 1316 1302 quin

192 1334 224 1388 et
246 1324 384 1388 silvanos
405 1325 583 1408 faunosque
606 1335 639 1389 et
660 1325 793 1389 dearum
815 1347 935 1410 genera
954 1323 1043 1390 silvis
1058 1347 1096 1390 ac
1112 1346 1171 1388 sua
1184 1320 1316 1386 numina

192 1434 355 1508 tamquam
378 1449 395 1490 e
418 1426 504 1491 caelo
527 1426 682 1492 attributa
704 1427 875 1492 credimus.
911 1425 1056 1492 Arbores
1083 1436 1197 1511 postea
1221 1424 1344 1489 blan-4

192 1525 457 1613 dioribus-fruge
486 1527 570 1592 sucis
596 1527 756 1593 hominem
783 1528 989 1617 mitigavere3
1024 1550 1066 1592 ex
1093 1527 1143 1591 his
1165 1547 1314 1592 recreans

191 1624 335 1690 membra
357 1628 417 1692 olei
438 1627 543 1711 liquor
564 1627 706 1713 virisque
728 1639 825 1715 potus
847 1630 924 1709 vini,
953 1639 1001 1694 tot
1022 1629 1162 1712 denique
1184 1649 1314 1714 sapores

192 1727 268 1790 anni
291 1740 402 1813 sponte
425 1730 589 1796 venientes
613 1742 646 1796 et
667 1754 797 1797 mensae
819 1785 861 1796 ..
884 1733 1089 1818 depugnetur
1108 1731 1183 1796 licet
1204 1752 1315 1794 earum

194 1849 291 1893 causa
313 1853 386 1896 cum
407 1832 485 1896 feris
507 1843 540 1897 et
561 1833 647 1919 pasti
668 1835 897 1922 naufragorum
917 1833 1104 1920 corporibus
1124 1832 1232 1917 pisces
1255 1853 1313 1896 ex-

192 1940 405 2016 petantur-
428 1934 602 1999 etiamnum
624 1945 731 1999 tamen
753 1936 922 2000 secundae.
944 1935 1037 2002 Mille
1059 1943 1226 2020 praeterea
1240 1942 1314 1997 sunt

192 2054 270 2098 usus
293 2057 413 2112 earum,
436 2037 503 2100 sine
524 2035 596 2120 quis
618 2036 685 2102 vita
707 2036 783 2123 degi
796 2060 861 2102 non
875 2038 988 2123 possit.
1011 2037 1138 2102 Arbore
1153 2037 1313 2103 sulcamus

192 2136 293 2200 maria
314 2146 480 2221 terrasque
502 2138 721 2216 admovemus,
742 2139 857 2204 arbore
872 2139 1117 2205 exaedificamus
1132 2147 1225 2203 tecta.
1245 2137 1341 2201 Ar-⁵

191 2235 289 2302 borea
312 2249 344 2302 et
366 2239 536 2305 simulacra
556 2240 724 2304 numinum
737 2240 836 2318 fuere,
859 2241 1001 2305 nondum
1014 2241 1117 2326 pretio
1133 2240 1314 2326 excogitato

190 2335 357 2404 beluarum
379 2340 527 2405 cadaveri
550 2351 646 2425 atque
667 2350 714 2418 ut,
737 2362 757 2404 a
778 2339 827 2405 dis
849 2350 925 2405 nato
939 2340 1009 2405 iure
1022 2342 1180 2418 luxuriae,
1204 2336 1314 2404 eodem

192 2437 288 2505 ebore
309 2441 477 2505 numinum
499 2463 555 2506 ora
580 2451 799 2527 spectarentur
821 2452 853 2506 et
874 2462 1057 2506 mensarum
1085 2440 1196 2528 pedes.
1231 2436 1312 2504 Pro·

193 2538 274 2602 dunt
305 2539 448 2626 Alpibus
482 2542 635 2607 coercitas
668 2553 700 2607 et
733 2552 800 2608 tum
833 2541 1085 2628 inexsuperabili
1116 2542 1314 2606 munimento

194 2635 316 2704 Galbae
337 2640 420 2737 banc
440 2642 580 2726 primum
596 2642 750 2709 habuisse
772 2665 902 2709 causam
918 2643 1173 2730 superfundendi
1196 2662 1230 2706 se
1244 2638 1312 2703 Ita·

188 2757 192 2765 .
225 2781 390 2846 poetaram.
419 2823 451 2832 ..
478 2799 508 2832 ao
523 2782 611 2832 morbis
626 2790 714 2832 veteres
730 2800 759 2832 aa
775 2783 850 2845 orbis,
865 2785 898 2834 Κ.
925 2782 1068 2832 acdeorum
1085 2781 1166 2832 borum
1181 2776 1312 2838 honorabas,

191 2845 281 2896 Dalec.
299 2889 331 2898 ..
353 2848 466 2913 inperare,
478 2854 513 2900 εἳ.
535 2850 651 2915 inponere,
663 2853 721 2901 ald.
743 2851 893 2915 operarent,
904 2851 937 2900 R.

227 2912 278 2974 §ta
308 2923 335 2964 ut
348 2915 474 2980 simplicio,
485 2935 506 2968 r.
528 2959 561 2968 ..
583 2919 761 2980 emarcuit.
784 2959 816 2969 -
839 2934 912 2980 ne‚a.
934 2959 967 2968 -
990 2916 1097 2976 tauns.
1117 2957 1149 2967 ..
1172 2915 1252 2978 biae.
1275 2912 1313 2973 iar,

192 2977 292 3046 nostr.
310 3025 342 3034 ..
361 3001 407 3032 aon
420 2984 558 3047 muamus,
569 2989 602 3036 B.
621 3027 653 3037 ..
672 2994 800 3050 perpetuo,
818 2988 873 3036 Rd.
889 2993 1014 3064 perpetue,
1031 2978 1126 3063 OTar.
1145 3025 1177 3033 ..
1198 2979 1313 3060 aesculeto,

173 3068 176 3075 '
192 3048 838 3184 lodicum}lll'daiilrioe-Rsaeimdwelliiialientat
849 3055 1022 3172 iiiiiislierffis
1033 3068 1140 3171 l’iiitma’
1156 3053 1188 3102 R·
1211 3063 1313 3109 nomina,

226 3155 375 3250 §4.-lt-is‚’a.
394 3157 544 3267 inssd'pr'.
563 3159 594 3239 „²
613 3136 736 3270 tignorum,
747 3190 780 3238 R.
798 3230 830 3238 ..
855 3185 1001 3267 totidemque,
1013 3205 1037 3238 a.
1056 3156 1171 3248 -.aaut
1183 3179 1314 3236 uorat.

192 3249 1315 3388 ...snam

193 3388 576 3509 ..raama
936 3391 958 3440 1·
970 3383 1313 3515 arearum:

194 3474 604 3604 nair,Da1e‘c.'-'menii'raiasa'.
622 3473 986 3588 {quiiwricperdliliiudidn’ii
1003 3491 1116 3604 primam,
1131 3490 1224 3572 Ambr.
1240 3518 1263 3569 Ι.
1281 3561 1313 3570 -

183 3593 427 3719 :taratara
443 3583 1313 3724 natantaarestauraretur,t.t::

190 3725 333 3787 praemiosa,
346 3730 390 3777 ad.
404 3728 533 3792 promissa,
545 3730 650 3778 Barbar.
663 3729 725 3780 RK.
741 3729 865 3792 promisso,
881 3721 909 3778 θ.
932 3729 1062 3779 Primitiae
1074 3727 1124 3776 olei
1136 3742 1166 3776 ac
1177 3726 1231 3778 vini
1242 3724 1314 3772 intel-

193 3792 441 3874 ligebatRhodigin.
454 3797 472 3845 l.
484 3813 506 3845 a.
518 3802 541 3856 6,
554 3803 586 3854 6.,
599 3810 657 3845 cum
668 3799 753 3860 potins
766 3797 817 3846 sint
828 3798 951 3847 sumenda
959 3799 990 3846 de
999 3803 1130 3860 protropo,
1144 3809 1195 3857 quo
1204 3791 1314 3851 nominc,

194 3869 223 3908 ut
233 3861 311 3910 leri
322 3861 376 3923 (14,
389 3861 443 3926 85.)
460 3864 544 3913 verbis
561 3871 625 3924 utar,
642 3865 804 3928 „appellatur
818 3881 835 3914 a
846 3864 997 3929 quibusdam
1009 3871 1121 3912 mustum
1133 3870 1225 3925 sponte
1237 3859 1314 3910 defiu-

194 3940 247 3987 ens,
259 3937 396 3992 antequam
408 3934 537 3980 calcentur
547 3931 636 3981 uvae.”
654 3933 732 3983 Hisce
744 3933 882 3982 concinunt
893 3933 991 3983 Pollux
1004 3938 1028 3992 6,
1041 3933 1081 3982 17.
1094 3938 1120 3979 et
1128 3930 1226 3979 Moeris
1234 3926 1313 3977 Attio.

194 4006 219 4055 p.
237 4000 294 4043 305.
317 3995 393 4046 Illam
410 3998 491 4061 ipsam
508 4000 593 4048 autem
608 4013 698 4079 uocem
714 4000 740 4049 h.
757 4000 775 4048 l.
791 4001 858 4050 Plin.
875 4015 927 4050 non
942 4000 1037 4063 posuit,
1053 4013 1112 4077 cnm
1129 3997 1190 4049 alibi
1202 3994 1316 4074 posuerit

194 4055 249 4120 (14,
264 4065 302 4111 75.
321 4069 362 4125 28,
375 4070 433 4115 206.
451 4071 493 4126 30,
505 4062 568 4129 ta),
585 4081 645 4130 quia
662 4082 715 4118 non
732 4068 831 4118 desolo
849 4069 917 4126 vino,
928 4081 1016 4117 verum
1029 4073 1106 4116 etrum
1118 4066 1150 4114 de
1162 4065 1222 4114 oleo
1235 4063 1315 4112 drotu-

193 4141 237 4177 rus
248 4135 313 4191 crat;
327 4131 452 4195 pluralem
469 4146 529 4182 vcro
545 4148 679 4185 numerum
694 4136 822 4199 praetulit,
841 4135 900 4198 quia
915 4135 985 4184 etde
1001 4134 1061 4183 vino
1074 4139 1100 4182 et
1112 4132 1143 4181 de
1155 4133 1214 4182 oleo
1231 4144 1315 4181 sermo

195 4201 240 4243 cst.
257 4196 374 4248 Alteram
385 4212 462 4262 porro
480 4212 575 4262 vocem,
592 4216 644 4265 qua
659 4203 690 4251 de
706 4204 795 4253 eadem
806 4217 833 4252 re
844 4204 882 4254 uti
894 4208 1002 4267 potarat,
1020 4206 1109 4250 matura
1120 4194 1177 4261 (11,
1190 4195 1245 4260 38.)
1257 4211 1315 4262 pro-

194 4269 249 4325 pter
261 4264 454 4329 ambiguitatem
466 4282 554 4320 sensus
566 4269 715 4334 repudiavit.
