2896 4800
133 259 175 323 26
484 272 689 322 usruaaars
710 272 906 322 ursronraa

134 422 264 494 ἀπαθεῖς
286 421 408 492 Graeci
428 434 545 491 vocant
564 425 684 491 multos
704 423 775 491 eius
794 423 923 514 generis
937 424 1079 511 experti3
1102 425 1254 512 quodque
1268 448 1304 495 so

132 522 249 588 minim
270 524 322 604 sit,
350 534 497 591 auctores
518 546 668 591 maxume
689 525 876 610 sapientiae,
896 525 1071 615 Diogenen
1092 526 1253 612 cynicum,

131 622 322 709 Pyrronem,
355 625 569 707 Heraclitum,
603 623 784 705 Timonem,
815 626 902 695 bunc
932 626 1064 713 quidem
1096 628 1193 695 stiam
1219 629 1254 694 in
1330 630 1336 637 ’

57 806 61 817 Ι
132 725 231 792 totius
257 726 369 794 odium
389 727 518 816 generis
540 725 671 792 hnmani
692 736 852 794 evectum.
882 726 953 796 Sed
971 729 1053 798 baec
1072 751 1174 817 parva
1192 752 1253 798 na·

132 837 223 894 turae
250 827 391 916 insignia
416 828 451 894 in
471 827 583 894 multis
605 827 696 895 varia
716 839 964 916 cognoscuntur,
992 841 1030 898 ut
1055 831 1091 896 in
1110 831 1255 898 Antonia

130 927 233 995 Drusi
263 952 441 1015 numquam
471 929 656 1017 exspuisse,
688 929 724 995 in
753 928 933 1018 Pomponio
964 931 1124 999 consulari
1157 941 1256 1019 poeta

130 1051 307 1116 numquam
327 1043 483 1099 ructasse.
514 1028 644 1115 Quibus
669 1043 787 1098 natura
814 1043 964 1101 concreta
984 1044 1060 1100 sunt
1080 1055 1165 1113 ossa,
1196 1035 1254 1119 qui

132 1142 209 1197 sunt
229 1132 295 1197 rari
316 1133 501 1211 admodum,
524 1132 633 1199 cornei
653 1144 820 1200 vocantur.
1344 1204 1347 1209 .

172 1230 258 1298 XX.
282 1233 332 1296 19.
366 1231 513 1316 Corpore
539 1252 637 1298 vesco
665 1234 724 1298 sed
744 1235 873 1301 eximiis
893 1235 1018 1304 viribus
1040 1236 1298 1304 Tribntanumsr

130 1330 165 1393 in
190 1329 379 1418 gladiatorio
406 1331 495 1410 ludo,
525 1328 720 1398 Samnitium
741 1344 906 1401 armatura
934 1337 1103 1417 celebrem,
1135 1337 1253 1404 tilium·

132 1450 197 1514 que
231 1431 302 1496 eius
330 1430 464 1498 militem
492 1428 609 1520 Magni
635 1430 774 1518 Pompei
802 1443 838 1500 et
864 1445 970 1501 rectos
997 1446 1030 1501 et
1056 1447 1255 1505 transversos

132 1531 332 1597 cancellatim
354 1541 420 1598 toto
441 1553 576 1620 corpore
596 1531 750 1600 habuisse
770 1554 897 1614 nervos,
918 1534 954 1599 in
974 1535 1135 1602 bracchiis
1157 1540 1253 1604 etiam

131 1632 354 1718 manibusque,
377 1643 489 1701 auctor
511 1645 561 1702 est
580 1633 686 1702 Varro
706 1633 742 1699 in
762 1635 949 1724 prodigiosa
968 1635 1085 1702 virium
1106 1636 1253 1715 elatione,

132 1741 231 1818 atque
252 1735 352 1802 etiam
371 1733 497 1802 hostem
517 1736 558 1803 ab
581 1757 620 1802 eo
641 1757 683 1801 ex
703 1736 931 1822 provocatione
952 1735 1126 1802 dimicante
1138 1735 1254 1802 inermi

132 1833 248 1902 dextra
284 1858 351 1903 uno
390 1837 494 1926 digito
526 1845 712 1923 superatum
742 1848 776 1903 et
808 1847 970 1924 postremo
1002 1847 1190 1924 conreptum
1218 1836 1254 1903 in

132 1946 238 2003 casua
264 1939 462 2005 translatum.
496 1938 545 2004 At
564 1937 705 2008 Vinnius
726 1938 849 2007 Valens
883 1939 1002 2005 meruit
1033 1939 1068 2004 in
1092 1939 1299 2027 praetorioso

132 2036 200 2105 divi
219 2037 364 2129 Augusti
394 2038 552 2120 centurio,
584 2039 733 2106 vehicula
764 2063 839 2109 cum
870 2040 971 2108 culeis
1003 2051 1119 2106 onusta
1150 2041 1254 2107 donec

132 2140 374 2210 exinanirentur
406 2143 568 2210 sustinere
600 2142 728 2222 solitus,
768 2152 922 2230 carpenta
957 2141 1159 2229 adprehensa
1188 2163 1255 2207 una

130 2266 228 2312 manu
254 2245 412 2327 retinere,
448 2243 588 2311 obnixus
610 2253 721 2311 contra
745 2244 923 2311 nitentibus
943 2242 1104 2323 iumentis,
1137 2254 1170 2310 et
1190 2242 1255 2308 alia

130 2345 265 2412 mirifica
295 2348 402 2414 facere
436 2368 520 2431 quae
546 2345 708 2432 insculpta
734 2347 931 2414 monimento
959 2346 1029 2412 eius
1057 2353 1252 2434 spectantur.

129 2442 210 2510 Ideo
230 2444 280 2508 Μ.
296 2445 425 2522 Varro,
449 2444 690 2524 ,‚n1sticellus'',
710 2447 825 2529 inquit,
848 2446 1034 2525 „Hercules
1058 2432 1252 2531 ¹appellatus,
1266 2459 1298 2504 8³

130 2543 253 2608 mulum
278 2564 374 2609 suum
400 2543 533 2610 tollebat
552 2542 691 2624 Fusius,
720 2543 852 2612 Salvius
878 2546 945 2610 duo
966 2545 1151 2610 centenaria
1171 2565 1252 2629 pon-

164 2748 269 2813 cpotlr's,
280 2749 339 2802 libri
350 2751 460 2803 Salmas
472 2763 556 2802 exarc.
567 2763 593 2813 p.
605 2755 646 2800 25.
657 2764 681 2799 a
690 2749 721 2801 P.
738 2755 830 2814 apaten
841 2750 874 2801 Β.
891 2747 982 2812 sporn,
994 2749 1019 2802 d.
1036 2747 1130 2814 want,
1141 2749 1207 2800 aab.

159 2819 233 2881 580.
251 2815 321 2880 quod,
333 2819 349 2868 d
361 2814 454 2881 (Rob.)
466 2856 499 2867 ..
516 2816 643 2877 mammos,
654 2816 744 2869 Daloc.
762 2856 794 2865 -
811 2815 958 2881 Diopcnano,
969 2815 1002 2866 Β.
1020 2856 1053 2865 ..
1070 2814 1127 2877 odii,
1138 2817 1206 2865 Rob.
1220 2856 1252 2864 -

127 2898 221 3000 ρανυαῶ
232 2885 327 2934 RTdr
342 2881 431 2945 (codd.
440 2883 553 2999 {almas
564 2883 583 2933 l.
593 2883 612 2933 l.
625 2881 757 2946 8.,Βο1.)
771 2899 873 2947 maroe,
884 2879 914 2945 β.
934 2923 966 2933 ..
982 2899 1116 2946 numquam,
1125 2883 1150 2933 Β
1161 2880 1252 2946 (Rob.)

99 2961 100 2964 ’
131 2966 177 2999 non
227 2953 250 3001 d.
269 2991 302 3000 ..
319 2958 421 3000 naturae
470 2953 494 3001 d.

165 2986 185 3082 ς’
193 3023 234 3068 81.
256 3033 330 3080 omno,
345 3018 363 3069 i.
377 3032 399 3068 e.
412 2987 499 3082 parvo,
509 3030 534 3066 v.
551 3014 625 3067 Ovio.
636 3015 706 3068 Fast.
720 3024 745 3081 8,
761 3023 818 3069 446.
835 3019 896 3069 coll.
909 3015 1022 3070 Gronov,
1035 3019 1067 3069 ad
1078 3019 1133 3069 Lir.
1152 3024 1193 3078 24,
1210 3023 1252 3068 48.

131 3091 216 3146 unaco,
223 3085 256 3136 Β.
274 3091 300 3134 ut
311 3100 382 3147 arcon
391 3086 416 3135 d.
434 3099 543 3134 neruosus
553 3097 610 3145 assa,
621 3085 648 3135 Κ
655 3100 675 3136 r.
693 3084 788 3134 neruosi
796 3101 845 3135 ease
853 3083 995 3151 produntur,
1006 3086 1072 3136 Rob.
1086 3126 1118 3135 -
1140 3084 1253 3135 Tmbutc·

131 3167 194 3215 num,
206 3145 278 3202 Βθᾱ
289 3150 376 3216 (codd
389 3153 497 3205 Salmas.
509 3152 527 3201 l.
538 3150 557 3201 1.
569 3166 594 3215 p.
607 3157 648 3202 26.
660 3169 684 3202 a
694 3150 743 3216 D.)
768 3152 901 3216 Tritanum,
912 3149 942 3214 β.
964 3152 1121 3214 Triduum,
1134 3153 1216 3204 Solin.
1229 3157 1253 3213 l,

133 3223 173 3270 75.
199 3218 349 3280 littonnnm,
364 3228 485 3284 excerpta
500 3220 606 3270 metrica
621 3219 705 3271 solini
720 3236 761 3283 sp.
772 3220 880 3272 Salmas.
895 3223 928 3270 ad
944 3222 1058 3282 scriptor.
1075 3221 1134 3271 hist.
1146 3220 1214 3281 Aug.
1226 3234 1252 3282 p.

132 3291 200 3346 4⁵1,
211 3299 237 3349 γ.
259 3285 447 3337 Auctoritatem
459 3286 590 3339 Ciceronis
600 3287 658 3337 Pin.
670 3286 692 3336 Ι.
704 3293 729 3348 3,
741 3290 765 3335 8.
777 3288 811 3335 ad
822 3287 1005 3337 defendendam
1016 3287 1152 3336 lectionem
1163 3287 1253 3348 vulga·

132 3359 186 3402 tam
198 3352 311 3402 adhiberi
322 3368 376 3403 non
387 3369 462 3418 posse
474 3358 551 3404 docet
560 3354 674 3416 Madvig.
688 3393 720 3402 ..
741 3351 895 3415 mncillatim,
905 3354 937 3403 Β.
951 3393 984 3403 ..
1002 3359 1092 3412 auctor,
1105 3367 1156 3402 om.
1168 3353 1206 3402 d¹.
1219 3393 1252 3402 .-

133 3417 167 3478 is,
178 3418 211 3469 Β.
229 3419 317 3470 Omitt.
330 3420 400 3472 Tdr.
419 3460 452 3470 ..
469 3418 578 3480 amnone,
587 3421 651 3470 Tdr
662 3419 765 3481 (omncs
775 3421 850 3469 codd
862 3435 903 3484 ap.
915 3419 1077 3471 salmasii.
1089 3434 1114 3483 p.
1124 3416 1252 3482 251111.)

132 3483 254 3548 relations,
266 3486 346 3538 Solin.
358 3484 431 3549 R2ss.
448 3485 569 3547 relatione,
580 3487 625 3537 R¹.
642 3487 745 3550 Reliqui
756 3486 851 3547 locum,
863 3488 964 3551 qualem
976 3501 990 3536 e
1002 3487 1119 3538 codicum
1130 3487 1253 3551 scriptura

132 3553 215 3604 mixta
227 3568 285 3604 eum
297 3555 413 3606 exhibuit
428 3555 517 3616 Hsrd,
535 3568 691 3617 quamquam
707 3560 788 3604 certus
809 3570 869 3606 enm
888 3557 1038 3606 mendosum
1057 3570 1119 3606 esse.
1149 3555 1253 3606 Etenim

132 3619 204 3671 elatio
220 3638 359 3687 numquam
370 3638 446 3674 sensu
457 3622 539 3673 actim
551 3637 598 3686 pro
610 3621 757 3673 laudatione
769 3623 867 3684 dicitnr,
883 3623 924 3672 cui
940 3623 975 3673 rei
988 3625 1148 3686 succurritur,
1161 3623 1182 3673 si
1194 3638 1252 3672 cum

68 3744 71 3749 ,
132 3684 197 3752 Βῖβ
212 3691 321 3755 legimus
338 3689 464 3754 relatiuam
481 3697 508 3740 at
524 3690 587 3753 quid
602 3695 642 3741 est
652 3686 793 3754 prodiqr‘osc
808 3688 893 3739 virium
908 3689 1009 3742 relatio?
1027 3693 1096 3743 Hinc
1111 3696 1222 3755 praestat
1238 3704 1253 3737 o

132 3759 262 3810 codicibus
279 3759 404 3811 inferioris
421 3758 517 3811 ordinis
533 3758 618 3823 legere
629 3755 772 3822 prodiqiosa
787 3775 810 3809 v.
827 3755 933 3821 elsticns,
954 3760 1050 3810 omissa
1064 3757 1253 3822 praepositione

133 3823 167 3882 in,
177 3831 208 3874 ut
218 3826 282 3876 haec
293 3827 435 3878 reserantur
445 3828 480 3877 ad
490 3825 567 3877 verba
577 3826 707 3891 superiora
718 3833 741 3873 et
751 3824 1027 3888 rectos-manibusque,
1044 3837 1199 3885 quamquam
1217 3821 1253 3870 ita
1309 3843 1312 3846 >

150 3890 275 3940 leonaami
292 3895 388 3956 species
404 3901 508 3958 propter
523 3895 600 3945 rerba
611 3891 703 3943 eximiis
718 3893 807 3942 nimbus
818 3909 870 3944 non
885 3894 964 3942 abest.
983 3920 1015 3938 -..
1033 3887 1166 3948 dimicante,
1178 3887 1252 3939 RTd

47 4004 53 4017 ,
133 3905 206 4017 lcum
218 3956 330 4020 Selino.)
347 3958 504 4021 dimicantem,
516 3956 566 4025 βγ.
580 4000 612 4011 ..
631 3959 737 4023 dmteru,
749 3963 773 4011 d.
792 3960 878 4009 desua
888 3961 1057 4020 snperutnmet
1068 3949 1114 4002 bno
1125 3951 1199 4019 dipito
1207 3970 1251 4018 po·
1337 4017 1340 4022 Ι

133 4026 448 4086 stremocorreptnm,Pint.
461 4041 495 4075 ex
505 4027 603 4078 Solino.
1099 4027 1102 4032 ’

109 4126 121 4140 .-
168 4092 237 4152 §82
254 4088 298 4152 Ar,
309 4090 392 4140 RTd.
410 4089 451 4152 A,
462 4087 492 4152 β.
509 4133 541 4143 ..
559 4092 651 4157 Iunius,
667 4091 696 4156 β
715 4134 746 4144 ,
764 4087 852 4152 enimn,
869 4091 893 4138 d.
913 4128 943 4137 ..
967 4086 1073 4149 obnisus,
1089 4086 1148 4138 Rd²
1165 4083 1251 4148 (codd.

134 4154 201 4218 eet,
212 4153 291 4217 Bab.)
309 4155 405 4218 orama,
417 4174 437 4207 r.
455 4158 569 4222 sinicius,
580 4162 613 4212 K.
632 4161 752 4220 conscius,
765 4153 827 4218 d'ss.
845 4153 946 4216 οὺνιίτῐε,
958 4156 1024 4205 'rita
1036 4172 1061 4219 p.
1074 4161 1132 4205 218.
1303 4152 1309 4160 “
1358 4154 1366 4165 “

168 4221 237 4284 §Sia
254 4220 330 4290 Idem,
342 4224 438 4277 Sabell.
456 4265 488 4276 ..
506 4226 649 4291 appellatur,
664 4228 697 4278 Β
716 4267 747 4276 ..
767 4221 869 4284 minist,
886 4237 937 4274 ont.
955 4223 992 4274 ot
1011 4263 1042 4274 ...
1061 4222 1152 4288 limus,
1168 4225 1194 4276 Β
1206 4223 1251 4288 (cx
1318 4262 1322 4269 .
