2896 4800
370 259 442 304 mv.
459 257 532 303 xiv.
561 255 639 302 cnr.
656 256 731 301 xlx.
746 255 806 301 xx.
836 251 933 300 sacr.
949 252 982 295 a.
996 251 1027 295 a.
1193 231 1257 295 439

135 413 218 480 litari
238 431 425 476 maxumum
445 409 509 473 iam
529 408 682 473 honorem
705 407 775 472 cius
792 427 862 471 esse
876 405 911 469 in
926 403 1100 469 evellendis
1115 402 1258 468 virorum

135 512 261 600 corpori
282 511 365 597 pilis.
397 509 494 575 Ratio
515 519 622 574 autern
644 507 815 575 condiendi
834 515 941 571 musta
954 505 989 569 in
1002 504 1105 590 primo
1119 504 1258 583 fervore,
1275 519 1322 564 124

136 614 192 699 qui
213 635 328 679 novem
349 611 464 677 diebus
486 632 559 676 cum
581 609 765 696 plurumum
786 607 963 696 peragitur,
987 606 1144 692 adspersu
1165 607 1257 692 picis,

135 727 172 780 ut
193 715 272 780 odor
293 714 368 780 vino
391 712 557 800 contingat
578 721 609 776 et
630 710 754 798 saporis
776 710 936 796 quaedam
963 708 1111 773 acumina
1117 731 1127 782 ;
1161 707 1258 772 vehe-

135 816 274 880 mentius
301 815 336 880 id
360 815 431 881 fieri
459 813 653 878 arbitrantur
680 813 778 877 crudo
806 812 884 877 flore
910 810 1036 876 resinae
1063 808 1260 893 excitarique

134 917 314 996 lenitatem,
337 917 504 983 ediverso
525 914 659 999 crapula
680 912 829 999 conpesci
850 912 1007 977 feritatem
1026 911 1157 976 nimiam
1170 910 1259 975 fran-

135 1019 232 1108 gique
254 1020 342 1084 virus
364 1028 436 1097 aut,
465 1017 522 1082 ubi
543 1017 638 1104 pigra
657 1015 773 1081 lenitas
796 1023 936 1100 torpeat,
966 1012 1057 1079 vina
1078 1012 1164 1077 addi.
1197 1011 1258 1077 Li·
1275 1026 1321 1072 ras

135 1119 246 1206 guriae
267 1141 417 1183 maxume
433 1116 764 1202 Circumpadanisque
785 1114 900 1181 mustis
921 1113 1042 1181 utilitas
1065 1112 1259 1179 discernitur

135 1220 196 1284 hoc
216 1222 327 1286 modo:
350 1219 553 1308 pugnacibus
574 1206 695 1283 mustis‘
709 1218 860 1305 crapulae
882 1218 956 1302 plus
977 1215 1108 1295 inditur,
1131 1215 1259 1280 lenibus

135 1322 274 1407 parcius.
306 1319 391 1387 Sunt
412 1321 467 1406 qui
489 1344 530 1386 ex
551 1330 688 1404 utroque
716 1320 840 1384 condiri
865 1318 979 1397 velint,
1008 1341 1068 1384 nec
1093 1340 1158 1382 non
1185 1316 1257 1396 alia,

135 1445 218 1506 quae
239 1433 291 1488 est
310 1423 418 1501 musti,
440 1422 513 1508 pice
535 1431 568 1486 et
587 1430 712 1486 natura.
740 1419 929 1504 Vitiumque
943 1430 1050 1485 musto
1064 1419 1259 1503 quibusdam

135 1523 170 1588 in
190 1525 268 1589 locis
289 1522 407 1588 iterum
428 1534 542 1610 sponte
562 1523 702 1602 fervere,
731 1544 796 1607 qua
823 1521 1003 1588 calamitate
1026 1542 1100 1588 cum
1120 1520 1259 1586 deservit

135 1647 248 1711 sapor,
283 1647 409 1710 vappae
441 1625 559 1711 accipit
589 1647 707 1690 nomen
739 1625 933 1711 probrosum
961 1623 1056 1689 etiam
1082 1622 1256 1698 hominum,

136 1747 209 1789 cum
231 1725 439 1812 degeneravit
459 1728 600 1803 animus3
629 1727 712 1792 aceti
740 1727 826 1792 enim
853 1725 1016 1811 nequitiae
1042 1725 1126 1791 inest
1153 1718 1266 1790 virtus

135 1849 268 1915 magnos
293 1828 336 1891 ad
364 1850 443 1893 usus
474 1838 508 1893 et
537 1829 606 1893 sine
635 1828 710 1912 quis
741 1827 849 1891 mitior
878 1826 946 1892 vita
973 1826 1050 1913 degi
1081 1848 1147 1889 non
1179 1846 1256 1910 pos·

134 1928 187 1992 sit.
227 1925 344 1992 Cetero
370 1928 518 1993 vinorum
545 1926 766 1992 medicaminis
794 1936 883 1991 tanta
910 1947 988 1991 cura
1013 1935 1063 1990 est
1086 1934 1124 1989 ut
1148 1924 1256 1991 cinare
1272 1939 1320 1984 las

134 2027 222 2114 apud
247 2029 403 2113 quosdam
436 2051 497 2094 ceu
522 2049 628 2114 gypso
654 2027 733 2093 alibi
766 2039 799 2093 ct
828 2025 946 2111 quibus
978 2026 1118 2091 diximus
1150 2024 1257 2090 modis

134 2127 367 2206 instaurentur3
393 2129 451 2194 sed
471 2128 612 2194 cinerem
632 2151 649 2193 e
669 2129 744 2194 vitia
764 2128 931 2194 sarmentis
949 2138 1007 2193 aut
1026 2149 1146 2212 quercu
1160 2148 1255 2211 prae-

134 2230 251 2295 ferunt.
286 2228 374 2312 Quin
395 2241 428 2297 et
449 2231 605 2294 marinam
632 2252 749 2314 aquam
771 2229 914 2295 eiusdem
934 2231 982 2294 rei
1003 2230 1107 2316 gratia
1129 2251 1170 2294 ex
1192 2229 1257 2293 alto

133 2334 201 2414 peti
222 2329 335 2397 iubent
357 2332 541 2414 servarique
562 2328 604 2395 ab
626 2330 826 2415 aequinoctio
847 2351 947 2396 verno
969 2341 1026 2395 aut
1053 2340 1139 2397 certe
1160 2340 1256 2396 noete

134 2432 269 2496 solstitio
302 2444 335 2498 et
364 2433 512 2518 aquilone
538 2431 635 2497 flante
665 2431 787 2496 hauriri
815 2431 867 2497 vel
896 2432 923 2496 si
950 2432 1036 2498 circa
1060 2431 1256 2498 vindemiam

133 2531 299 2598 hauriatur
326 2535 471 2620 decoqui.
513 2533 579 2599 Pix
610 2534 646 2598 in
671 2533 767 2598 Italia
798 2533 841 2598 ad
871 2556 949 2598 vasa
980 2532 1057 2599 vino
1089 2533 1255 2599 condendo
1270 2543 1317 2592 lat

133 2655 282 2700 maxume
307 2637 462 2723 probatur
483 2636 629 2713 Bruttia3
659 2636 696 2700 fit
717 2658 736 2702 e
757 2636 868 2721 piceae
889 2635 1011 2715 resina,
1038 2637 1072 2700 in
1093 2633 1256 2719 Hispania

133 2745 244 2800 autem
269 2759 287 2800 e
313 2736 465 2823 pinastris
490 2738 631 2804 minume
657 2737 804 2813 laudata3
839 2747 889 2802 est
909 2737 994 2804 enim
1015 2739 1122 2804 resina
1141 2736 1256 2802 harum

133 2858 243 2900 amara
268 2846 300 2900 et
324 2838 415 2904 arida
441 2850 474 2904 et
503 2839 597 2927 gravi
629 2840 735 2906 odore.
778 2837 1003 2906 Differentiam
1034 2839 1255 2923 rationemque

168 3029 183 3091 ς
197 3033 253 3077 124.
271 3026 396 3079 audiendi
405 3037 483 3078 musta
494 3030 533 3092 in3
546 3032 587 3080 his
598 3031 626 3079 in
636 3046 675 3079 vv.
688 3031 781 3081 desinit
792 3045 816 3081 c.
833 3071 866 3080 ..
884 3033 995 3095 quodam,
1006 3051 1027 3083 r.
1045 3031 1159 3097 quadam,
1169 3034 1203 3084 K.
1221 3073 1253 3083 .-

133 3093 248 3156 acumine,
260 3110 300 3144 ar.
319 3095 456 3158 commonia
467 3098 500 3147 K.
519 3137 552 3147 ..
570 3095 700 3161 crapulam,
713 3113 736 3147 a.
754 3138 786 3147 -
804 3105 855 3160 aut,
866 3114 889 3148 a.
902 3107 936 3161 at,
948 3103 1000 3150 Td.

168 3177 183 3239 δ
197 3183 253 3228 125.
271 3177 370 3242 uudtas,
380 3182 415 3231 D.
433 3179 525 3230 utilitas
536 3179 659 3245 crapulae,
671 3181 698 3233 S.
721 3179 836 3246 crapulae
846 3181 945 3247 uatium,
956 3187 1022 3248 adr.
1042 3225 1074 3234 ..
1096 3183 1139 3247 qui
1148 3199 1178 3232 ea·
1190 3191 1254 3233 utro·

134 3262 190 3310 que,
202 3248 235 3297 D.
262 3263 323 3310 quae
334 3263 364 3296 ex
375 3256 484 3313 utroque,
497 3251 521 3300 d.
548 3257 657 3313 utroque,
669 3251 705 3300 α’.
732 3265 761 3298 ex
772 3256 880 3314 utroque,
893 3254 929 3302 a'2.
956 3251 1031 3316 quiet
1042 3267 1072 3300 ea
1082 3250 1145 3300 m'tro
1157 3267 1255 3316 qaoque,

134 3316 208 3365 codd.
220 3314 335 3366 Barbari.
353 3358 385 3367 -
408 3333 470 3380 qaae
481 3324 656 3380 est-satura,
668 3318 704 3368 ita
714 3318 793 3369 Hasd.
807 3319 866 3369 coll.
879 3321 895 3383 §
909 3323 948 3371 74.
961 3324 1018 3370 121.
1032 3335 1065 3370 ex
1075 3319 1163 3384 inepta
1175 3328 1200 3370 et
1210 3321 1255 3370 vix

134 3399 150 3432 a
161 3399 289 3446 quoquam
301 3386 431 3436 intellecta
443 3388 594 3436 coniectura.
612 3401 673 3449 quae
684 3393 720 3434 ert
730 3384 803 3434 malci
808 3385 863 3450 pice
875 3393 898 3435 et
908 3395 1004 3449 natura,
1020 3380 1048 3437 θ.
1067 3404 1129 3451 quae
1140 3395 1174 3436 ert
1185 3385 1257 3436 mulm'

130 3449 184 3512 pice
196 3458 218 3498 et
228 3459 324 3510 matura,
333 3470 356 3502 a.
375 3470 435 3517 quae
446 3452 539 3503 simulet
550 3454 606 3519 pice
617 3461 640 3501 et
650 3462 747 3516 natura,
756 3455 808 3505 Td.
827 3471 900 3518 aeque
911 3454 1037 3521 multr‘plr'ci
1044 3463 1140 3516 natura,
1148 3456 1254 3507 Barbar.

133 3511 163 3576 β.
180 3531 222 3565 uec
233 3534 279 3566 uon
290 3517 336 3567 alii
348 3520 418 3568 etiam
431 3520 500 3571 multi
506 3522 560 3586 pice
572 3537 663 3586 quoque
673 3521 784 3581 Neritia,
796 3523 886 3574 Dalec.
903 3525 990 3575 Locus
1002 3526 1098 3589 ingenti
1110 3525 1256 3587 corruptela

31 3598 35 3615 ¹
134 3590 160 3632 et
176 3583 372 3647 interpolatione
389 3596 529 3652 corruptus,
547 3590 598 3652 qui,
616 3602 675 3639 cum
686 3605 770 3639 rerum
781 3591 873 3641 notitia
882 3605 930 3642 nos
946 3592 1053 3654 deficiat,
1071 3593 1126 3643 sine
1142 3590 1254 3641 meliori·

132 3650 181 3699 bus
193 3652 266 3701 codd.
279 3653 362 3702 sanari
373 3655 417 3703 rix
429 3657 530 3718 poterit.
543 3696 575 3705 -
592 3663 680 3718 sporta
693 3673 743 3706 om.
753 3659 785 3707 T.
798 3698 830 3707 -
842 3673 902 3719 cum,
913 3674 933 3710 r.
952 3659 1041 3711 omitt.
1055 3655 1149 3724 adripe.
1163 3699 1195 3708 .-
1213 3656 1255 3715 dt·

125 3715 213 3781 servit,
225 3734 248 3768 a
267 3716 364 3783 deperit,
377 3723 450 3771 codd.
463 3722 519 3773 Gel.
531 3718 583 3787 βγ.
602 3719 694 3785 deserit,
707 3726 730 3774 d.
749 3722 872 3787 deferbuit,
884 3741 904 3775 r.
923 3766 955 3775 ..
978 3743 1079 3791 vappae,
1091 3742 1131 3777 ar.
1149 3741 1254 3790 vappae·

134 3801 187 3849 que,
199 3780 270 3863 dssp.
290 3827 321 3836 -
339 3785 434 3850 domiai,
446 3790 507 3840 TK.
526 3831 558 3840 ..
581 3786 738 3854 depeneravr't,
751 3794 811 3843 adr.
835 3790 964 3857 depuduit,
979 3786 1008 3843 θ.
1031 3792 1212 3859 depmerauem't,
1223 3788 1253 3855 β.

134 3895 167 3903 ..
185 3861 265 3915 acetrs,
277 3857 317 3905 dr.
336 3895 368 3905 ..
386 3871 449 3919 uero,
460 3859 493 3908 K.
512 3899 544 3908 ..
562 3873 659 3922 mappa,
670 3874 690 3909 r.
710 3901 741 3909 -
759 3858 820 3923 quis,
832 3862 856 3911 d.
875 3860 933 3912 Om.
945 3877 968 3912 a.
987 3903 1019 3912 ..
1037 3860 1117 3914 mitior
1132 3860 1191 3924 vita,
1207 3862 1253 3925 ad.

133 3921 184 3971 uita
194 3922 279 3985 mitior,
290 3918 340 3988 βγ.

168 4010 253 4070 §ltu
282 4007 437 4070 Ceterum,a.
461 4049 491 4058 -
519 4009 648 4073 atquibus,
663 4005 764 4063 Orsa.
791 4008 929 4076 palmari.
955 4011 1017 4062 atur·
1031 4021 1053 4062 et
1070 4011 1152 4063 lixivio
1163 4013 1253 4077 walae,

134 4073 224 4123 Dalec.
242 4116 274 4124 ..
292 4075 422 4141 dirimue§
437 4083 492 4128 120.
507 4082 564 4127 121.
583 4119 614 4128 ..
633 4079 705 4142 eirca,
718 4097 740 4131 a.
759 4089 820 4130 certe
834 4081 906 4142 eirea,
919 4083 944 4132 d.

168 4154 183 4215 ξ
199 4161 254 4209 127.
272 4158 406 4221 ecndmndo,
418 4176 437 4211 r.
457 4203 488 4213 ..
504 4161 582 4227 picea,
594 4165 655 4214 adr.
674 4207 705 4215 ..
721 4164 846 4229 pinastris,
860 4167 890 4215 Τ.
909 4165 1041 4230 pimaetris,
1054 4169 1077 4217 d.
1097 4166 1150 4231 piri
1160 4166 1253 4226 metris,

134 4240 157 4275 a.
177 4265 207 4281 ,,
226 4226 305 4276 restra
316 4226 407 4293 harum,
420 4233 443 4280 d.
462 4229 601 4294 resinarum,
614 4247 636 4282 a.
650 4275 680 4284 ...
700 4231 781 4298 avida,
797 4226 920 4289 OSTad.
939 4232 1012 4285 uuida
1022 4236 1063 4287 vel
1075 4233 1176 4301 mucida,
1185 4235 1255 4288 Pint.
