<?xml version="1.0" encoding="UTF-8"?>
<!DOCTYPE html PUBLIC "-//W3C//DTD XHTML 1.0 Transitional//EN"
    "http://www.w3.org/TR/xhtml1/DTD/xhtml1-transitional.dtd">
<html xmlns="http://www.w3.org/1999/xhtml" xml:lang="en" lang="en">
 <head>
  <title>
</title>
<meta http-equiv="Content-Type" content="text/html;charset=utf-8" />
  <meta name='ocr-system' content='tesseract 3.04.00' />
  <meta name='ocr-capabilities' content='ocr_page ocr_carea ocr_par ocr_line ocrx_word'/>
</head>
<body>
  <div class='ocr_page' id='page_1' title='image "./cplinisecundina09plingoog_0301.png"; bbox 0 0 2896 4800; ppageno 0'>
   <div class='ocr_carea' id='block_1_1' title="bbox 199 257 973 322">
    <p class='ocr_par' dir='ltr' id='par_1_1' title="bbox 199 257 973 322">
     <span class='ocr_line' id='line_1_1' title="bbox 199 257 973 322; baseline -0.005 0"><span class='ocrx_word' id='word_1_1' title='bbox 199 257 262 322; x_wconf 78' lang='lat'>286</span> <span class='ocrx_word' id='word_1_2' title='bbox 551 271 757 320; x_wconf 73' lang='lat' dir='ltr'>numanis</span> <span class='ocrx_word' id='word_1_3' title='bbox 777 270 973 319; x_wconf 75' lang='lat' dir='ltr'>msnourau</span> 
     </span>
    </p>
   </div>
   <div class='ocr_carea' id='block_1_2' title="bbox 194 422 1384 3048">
    <p class='ocr_par' dir='ltr' id='par_1_2' title="bbox 195 422 1384 2116">
     <span class='ocr_line' id='line_1_2' title="bbox 200 422 1323 508; baseline 0.001 -19"><span class='ocrx_word' id='word_1_4' title='bbox 200 427 360 491; x_wconf 79' lang='lat' dir='ltr'>tralucent</span> <span class='ocrx_word' id='word_1_5' title='bbox 389 434 485 508; x_wconf 87' lang='lat' dir='ltr'>atque</span> <span class='ocrx_word' id='word_1_6' title='bbox 514 423 609 489; x_wconf 88' lang='lat' dir='ltr'>etiam</span> <span class='ocrx_word' id='word_1_7' title='bbox 636 424 746 489; x_wconf 91' lang='lat' dir='ltr'>lumen</span> <span class='ocrx_word' id='word_1_8' title='bbox 771 423 931 489; x_wconf 89' lang='lat' dir='ltr'>inclusum</span> <span class='ocrx_word' id='word_1_9' title='bbox 957 422 1053 488; x_wconf 87' lang='lat' dir='ltr'>latius</span> <span class='ocrx_word' id='word_1_10' title='bbox 1078 422 1217 488; x_wconf 85' lang='lat' dir='ltr'>fundunt</span> <span class='ocrx_word' id='word_1_11' title='bbox 1238 425 1323 490; x_wconf 89' lang='lat' dir='ltr'>mul·</span> 
     </span>
     <span class='ocr_line' id='line_1_3' title="bbox 199 524 1323 611; baseline 0.001 -19"><span class='ocrx_word' id='word_1_12' title='bbox 199 540 312 611; x_wconf 85' lang='lat' dir='ltr'>tusque</span> <span class='ocrx_word' id='word_1_13' title='bbox 332 525 411 591; x_wconf 88' lang='lat' dir='ltr'>alias</span> <span class='ocrx_word' id='word_1_14' title='bbox 431 525 471 590; x_wconf 89' lang='lat' dir='ltr'>ad</span> <span class='ocrx_word' id='word_1_15' title='bbox 495 525 628 591; x_wconf 88' lang='lat' dir='ltr'>delicias</span> <span class='ocrx_word' id='word_1_16' title='bbox 649 526 866 604; x_wconf 85' lang='lat' dir='ltr'>conferuntur,</span> <span class='ocrx_word' id='word_1_17' title='bbox 889 547 976 589; x_wconf 89' lang='lat' dir='ltr'>nunc</span> <span class='ocrx_word' id='word_1_18' title='bbox 998 524 1108 602; x_wconf 83' lang='lat' dir='ltr'>tincta,</span> <span class='ocrx_word' id='word_1_19' title='bbox 1134 547 1222 592; x_wconf 92' lang='lat' dir='ltr'>nunc</span> <span class='ocrx_word' id='word_1_20' title='bbox 1244 527 1323 592; x_wconf 89' lang='lat' dir='ltr'>sub·</span> 
     </span>
     <span class='ocr_line' id='line_1_4' title="bbox 198 624 1384 713; baseline -0.001 -20"><span class='ocrx_word' id='word_1_21' title='bbox 198 628 265 704; x_wconf 86' lang='lat' dir='ltr'>lita,</span> <span class='ocrx_word' id='word_1_22' title='bbox 292 649 377 692; x_wconf 91' lang='lat' dir='ltr'>nunc</span> <span class='ocrx_word' id='word_1_23' title='bbox 396 649 479 711; x_wconf 91' lang='lat' dir='ltr'>quae</span> <span class='ocrx_word' id='word_1_24' title='bbox 501 637 639 693; x_wconf 77' lang='lat' dir='ltr'>cestrota</span> <span class='ocrx_word' id='word_1_25' title='bbox 659 627 804 713; x_wconf 81' lang='lat' dir='ltr'>picturae</span> <span class='ocrx_word' id='word_1_26' title='bbox 825 649 944 712; x_wconf 84' lang='lat' dir='ltr'>genere</span> <span class='ocrx_word' id='word_1_27' title='bbox 970 625 1132 692; x_wconf 88' lang='lat' dir='ltr'>dicuntur.</span> <span class='ocrx_word' id='word_1_28' title='bbox 1160 624 1323 694; x_wconf 80' lang='lat' dir='ltr'>Omnibus</span> <span class='ocrx_word' id='word_1_29' title='bbox 1338 645 1384 692; x_wconf 80' lang='lat' dir='ltr'>rat</span> 
     </span>
     <span class='ocr_line' id='line_1_5' title="bbox 198 729 1323 806; baseline 0 -11"><span class='ocrx_word' id='word_1_30' title='bbox 198 740 306 795; x_wconf 85' lang='lat' dir='ltr'>autem</span> <span class='ocrx_word' id='word_1_31' title='bbox 326 751 407 794; x_wconf 90' lang='lat' dir='ltr'>cava</span> <span class='ocrx_word' id='word_1_32' title='bbox 428 739 462 795; x_wconf 90' lang='lat' dir='ltr'>et</span> <span class='ocrx_word' id='word_1_33' title='bbox 481 751 633 795; x_wconf 89' lang='lat' dir='ltr'>mucrone</span> <span class='ocrx_word' id='word_1_34' title='bbox 654 729 785 793; x_wconf 88' lang='lat' dir='ltr'>demum</span> <span class='ocrx_word' id='word_1_35' title='bbox 805 739 955 794; x_wconf 87' lang='lat' dir='ltr'>concreta</span> <span class='ocrx_word' id='word_1_36' title='bbox 968 737 1054 806; x_wconf 87' lang='lat' dir='ltr'>sunt,</span> <span class='ocrx_word' id='word_1_37' title='bbox 1079 729 1182 794; x_wconf 88' lang='lat' dir='ltr'>cervis</span> <span class='ocrx_word' id='word_1_38' title='bbox 1197 739 1323 795; x_wconf 89' lang='lat' dir='ltr'>tantum</span> 
     </span>
     <span class='ocr_line' id='line_1_6' title="bbox 197 827 1322 919; baseline 0 -23"><span class='ocrx_word' id='word_1_39' title='bbox 197 841 265 896; x_wconf 85' lang='lat' dir='ltr'>totu</span> <span class='ocrx_word' id='word_1_40' title='bbox 286 831 389 897; x_wconf 88' lang='lat' dir='ltr'>solida</span> <span class='ocrx_word' id='word_1_41' title='bbox 410 840 443 896; x_wconf 92' lang='lat' dir='ltr'>et</span> <span class='ocrx_word' id='word_1_42' title='bbox 463 829 612 896; x_wconf 91' lang='lat' dir='ltr'>omnibus</span> <span class='ocrx_word' id='word_1_43' title='bbox 634 830 726 895; x_wconf 88' lang='lat' dir='ltr'>annis</span> <span class='ocrx_word' id='word_1_44' title='bbox 747 828 894 895; x_wconf 88' lang='lat' dir='ltr'>decidua.</span> <span class='ocrx_word' id='word_1_45' title='bbox 923 827 1031 894; x_wconf 91' lang='lat' dir='ltr'>Boum</span> <span class='ocrx_word' id='word_1_46' title='bbox 1052 828 1167 895; x_wconf 79' lang='lat' dir='ltr'>attritis</span> <span class='ocrx_word' id='word_1_47' title='bbox 1189 831 1322 919; x_wconf 76' lang='lat' dir='ltr'>ungulis</span> 
     </span>
     <span class='ocr_line' id='line_1_7' title="bbox 197 929 1320 1020; baseline -0.001 -23"><span class='ocrx_word' id='word_1_48' title='bbox 197 954 318 998; x_wconf 88' lang='lat' dir='ltr'>cornua</span> <span class='ocrx_word' id='word_1_49' title='bbox 343 932 518 1020; x_wconf 85' lang='lat' dir='ltr'>unguendo</span> <span class='ocrx_word' id='word_1_50' title='bbox 540 933 650 997; x_wconf 90' lang='lat' dir='ltr'>arvina</span> <span class='ocrx_word' id='word_1_51' title='bbox 677 931 847 997; x_wconf 89' lang='lat' dir='ltr'>medentur</span> <span class='ocrx_word' id='word_1_52' title='bbox 867 929 1039 1018; x_wconf 84' lang='lat' dir='ltr'>agricolae.</span> <span class='ocrx_word' id='word_1_53' title='bbox 1083 930 1242 1014; x_wconf 86' lang='lat' dir='ltr'>Adeoque</span> <span class='ocrx_word' id='word_1_54' title='bbox 1268 953 1320 996; x_wconf 87' lang='lat' dir='ltr'>se-</span> 
     </span>
     <span class='ocr_line' id='line_1_8' title="bbox 196 1031 1322 1122; baseline -0.001 -22"><span class='ocrx_word' id='word_1_55' title='bbox 196 1057 283 1122; x_wconf 87' lang='lat' dir='ltr'>quax</span> <span class='ocrx_word' id='word_1_56' title='bbox 310 1045 426 1100; x_wconf 88' lang='lat' dir='ltr'>natura</span> <span class='ocrx_word' id='word_1_57' title='bbox 455 1044 506 1100; x_wconf 91' lang='lat' dir='ltr'>est</span> <span class='ocrx_word' id='word_1_58' title='bbox 532 1044 570 1098; x_wconf 91' lang='lat' dir='ltr'>ut</span> <span class='ocrx_word' id='word_1_59' title='bbox 589 1034 623 1098; x_wconf 94' lang='lat' dir='ltr'>in</span> <span class='ocrx_word' id='word_1_60' title='bbox 649 1033 729 1119; x_wconf 91' lang='lat' dir='ltr'>ipsis</span> <span class='ocrx_word' id='word_1_61' title='bbox 754 1031 932 1098; x_wconf 84' lang='lat' dir='ltr'>viventium</span> <span class='ocrx_word' id='word_1_62' title='bbox 964 1033 1154 1117; x_wconf 79' lang='lat' dir='ltr'>corporibus</span> <span class='ocrx_word' id='word_1_63' title='bbox 1180 1033 1322 1099; x_wconf 81' lang='lat' dir='ltr'>ferventi</span> 
     </span>
     <span class='ocr_line' id='line_1_9' title="bbox 196 1133 1321 1221; baseline -0.005 -17"><span class='ocrx_word' id='word_1_64' title='bbox 196 1160 270 1204; x_wconf 89' lang='lat' dir='ltr'>cera</span> <span class='ocrx_word' id='word_1_65' title='bbox 299 1135 470 1202; x_wconf 87' lang='lat' dir='ltr'>flectuntur</span> <span class='ocrx_word' id='word_1_66' title='bbox 501 1146 597 1219; x_wconf 86' lang='lat' dir='ltr'>atque</span> <span class='ocrx_word' id='word_1_67' title='bbox 628 1134 729 1199; x_wconf 88' lang='lat' dir='ltr'>incisa</span> <span class='ocrx_word' id='word_1_68' title='bbox 756 1133 957 1199; x_wconf 88' lang='lat' dir='ltr'>nascentium</span> <span class='ocrx_word' id='word_1_69' title='bbox 984 1133 1020 1198; x_wconf 92' lang='lat' dir='ltr'>iu</span> <span class='ocrx_word' id='word_1_70' title='bbox 1047 1134 1192 1200; x_wconf 86' lang='lat' dir='ltr'>diversas</span> <span class='ocrx_word' id='word_1_71' title='bbox 1216 1134 1321 1221; x_wconf 89' lang='lat' dir='ltr'>partis</span> 
     </span>
     <span class='ocr_line' id='line_1_10' title="bbox 196 1234 1382 1325; baseline -0.004 -20"><span class='ocrx_word' id='word_1_72' title='bbox 196 1247 421 1324; x_wconf 84' lang='lat' dir='ltr'>torqueantur3</span> <span class='ocrx_word' id='word_1_73' title='bbox 448 1238 482 1302; x_wconf 93' lang='lat' dir='ltr'>in</span> <span class='ocrx_word' id='word_1_74' title='bbox 511 1237 646 1325; x_wconf 84' lang='lat' dir='ltr'>singulis</span> <span class='ocrx_word' id='word_1_75' title='bbox 674 1235 834 1322; x_wconf 85' lang='lat' dir='ltr'>capitibus</span> <span class='ocrx_word' id='word_1_76' title='bbox 854 1244 1012 1320; x_wconf 89' lang='lat' dir='ltr'>quaterna</span> <span class='ocrx_word' id='word_1_77' title='bbox 1031 1235 1124 1300; x_wconf 88' lang='lat' dir='ltr'>fiunt.</span> <span class='ocrx_word' id='word_1_78' title='bbox 1157 1234 1321 1301; x_wconf 87' lang='lat' dir='ltr'>Tenuiora</span> <span class='ocrx_word' id='word_1_79' title='bbox 1334 1253 1382 1300; x_wconf 78' lang='lat' dir='ltr'>lus</span> 
     </span>
     <span class='ocr_line' id='line_1_11' title="bbox 196 1335 1319 1425; baseline -0.006 -16"><span class='ocrx_word' id='word_1_80' title='bbox 196 1341 324 1409; x_wconf 80' lang='lat' dir='ltr'>feminis</span> <span class='ocrx_word' id='word_1_81' title='bbox 349 1339 537 1425; x_wconf 87' lang='lat' dir='ltr'>plerumque</span> <span class='ocrx_word' id='word_1_82' title='bbox 565 1349 650 1416; x_wconf 87' lang='lat' dir='ltr'>sunt,</span> <span class='ocrx_word' id='word_1_83' title='bbox 678 1347 716 1402; x_wconf 92' lang='lat' dir='ltr'>ut</span> <span class='ocrx_word' id='word_1_84' title='bbox 736 1337 772 1402; x_wconf 91' lang='lat' dir='ltr'>in</span> <span class='ocrx_word' id='word_1_85' title='bbox 792 1359 909 1422; x_wconf 87' lang='lat' dir='ltr'>pecore</span> <span class='ocrx_word' id='word_1_86' title='bbox 935 1337 1062 1413; x_wconf 83' lang='lat' dir='ltr'>multis3</span> <span class='ocrx_word' id='word_1_87' title='bbox 1089 1335 1199 1402; x_wconf 88' lang='lat' dir='ltr'>ovium</span> <span class='ocrx_word' id='word_1_88' title='bbox 1219 1338 1319 1417; x_wconf 88' lang='lat' dir='ltr'>nulla,</span> 
     </span>
     <span class='ocr_line' id='line_1_12' title="bbox 195 1437 1320 1524; baseline -0.005 -15"><span class='ocrx_word' id='word_1_89' title='bbox 195 1466 255 1509; x_wconf 89' lang='lat' dir='ltr'>nec</span> <span class='ocrx_word' id='word_1_90' title='bbox 276 1462 453 1517; x_wconf 87' lang='lat' dir='ltr'>cervorum,</span> <span class='ocrx_word' id='word_1_91' title='bbox 481 1460 542 1504; x_wconf 92' lang='lat' dir='ltr'>nec</span> <span class='ocrx_word' id='word_1_92' title='bbox 567 1438 685 1523; x_wconf 91' lang='lat' dir='ltr'>quibus</span> <span class='ocrx_word' id='word_1_93' title='bbox 709 1438 860 1503; x_wconf 86' lang='lat' dir='ltr'>multifidi</span> <span class='ocrx_word' id='word_1_94' title='bbox 880 1438 993 1524; x_wconf 88' lang='lat' dir='ltr'>pedes,</span> <span class='ocrx_word' id='word_1_95' title='bbox 1019 1458 1080 1503; x_wconf 89' lang='lat' dir='ltr'>nec</span> <span class='ocrx_word' id='word_1_96' title='bbox 1106 1437 1320 1524; x_wconf 83' lang='lat' dir='ltr'>solidipedum</span> 
     </span>
     <span class='ocr_line' id='line_1_13' title="bbox 195 1537 1319 1627; baseline -0.005 -17"><span class='ocrx_word' id='word_1_97' title='bbox 195 1545 253 1610; x_wconf 91' lang='lat' dir='ltr'>ulli</span> <span class='ocrx_word' id='word_1_98' title='bbox 275 1551 411 1627; x_wconf 87' lang='lat' dir='ltr'>excepto</span> <span class='ocrx_word' id='word_1_99' title='bbox 432 1540 522 1605; x_wconf 88' lang='lat' dir='ltr'>asino</span> <span class='ocrx_word' id='word_1_100' title='bbox 544 1539 657 1605; x_wconf 91' lang='lat' dir='ltr'>Iudico</span> <span class='ocrx_word' id='word_1_101' title='bbox 672 1539 728 1623; x_wconf 90' lang='lat' dir='ltr'>qui</span> <span class='ocrx_word' id='word_1_102' title='bbox 742 1562 807 1605; x_wconf 94' lang='lat' dir='ltr'>uno</span> <span class='ocrx_word' id='word_1_103' title='bbox 822 1549 965 1606; x_wconf 87' lang='lat' dir='ltr'>armatus</span> <span class='ocrx_word' id='word_1_104' title='bbox 979 1549 1029 1604; x_wconf 87' lang='lat' dir='ltr'>est</span> <span class='ocrx_word' id='word_1_105' title='bbox 1043 1561 1154 1604; x_wconf 89' lang='lat' dir='ltr'>cornu.</span> <span class='ocrx_word' id='word_1_106' title='bbox 1176 1537 1319 1605; x_wconf 87' lang='lat' dir='ltr'>Bisulcis</span> 
     </span>
     <span class='ocr_line' id='line_1_14' title="bbox 195 1640 1318 1729; baseline -0.005 -19"><span class='ocrx_word' id='word_1_107' title='bbox 195 1644 273 1711; x_wconf 90' lang='lat' dir='ltr'>bina</span> <span class='ocrx_word' id='word_1_108' title='bbox 298 1653 413 1706; x_wconf 89' lang='lat' dir='ltr'>natura</span> <span class='ocrx_word' id='word_1_109' title='bbox 438 1641 559 1721; x_wconf 84' lang='lat' dir='ltr'>tribuit,</span> <span class='ocrx_word' id='word_1_110' title='bbox 587 1641 667 1706; x_wconf 93' lang='lat' dir='ltr'>nulli</span> <span class='ocrx_word' id='word_1_111' title='bbox 694 1664 832 1727; x_wconf 87' lang='lat' dir='ltr'>superne</span> <span class='ocrx_word' id='word_1_112' title='bbox 857 1642 1015 1729; x_wconf 87' lang='lat' dir='ltr'>primores</span> <span class='ocrx_word' id='word_1_113' title='bbox 1042 1640 1174 1706; x_wconf 82' lang='lat' dir='ltr'>habenti</span> <span class='ocrx_word' id='word_1_114' title='bbox 1202 1640 1318 1705; x_wconf 89' lang='lat' dir='ltr'>dentis.</span> 
     </span>
     <span class='ocr_line' id='line_1_15' title="bbox 199 1742 1319 1831; baseline -0.004 -19"><span class='ocrx_word' id='word_1_115' title='bbox 199 1745 266 1829; x_wconf 81' lang='lat' dir='ltr'>Qui</span> <span class='ocrx_word' id='word_1_116' title='bbox 293 1753 408 1831; x_wconf 90' lang='lat' dir='ltr'>putant</span> <span class='ocrx_word' id='word_1_117' title='bbox 433 1765 487 1809; x_wconf 92' lang='lat' dir='ltr'>eos</span> <span class='ocrx_word' id='word_1_118' title='bbox 512 1743 547 1807; x_wconf 92' lang='lat' dir='ltr'>in</span> <span class='ocrx_word' id='word_1_119' title='bbox 575 1764 694 1808; x_wconf 87' lang='lat' dir='ltr'>cornua</span> <span class='ocrx_word' id='word_1_120' title='bbox 720 1742 846 1809; x_wconf 91' lang='lat' dir='ltr'>absumi</span> <span class='ocrx_word' id='word_1_121' title='bbox 877 1744 972 1809; x_wconf 87' lang='lat' dir='ltr'>facile</span> <span class='ocrx_word' id='word_1_122' title='bbox 1000 1752 1217 1831; x_wconf 85' lang='lat' dir='ltr'>coarguuntur</span> <span class='ocrx_word' id='word_1_123' title='bbox 1248 1764 1319 1807; x_wconf 88' lang='lat' dir='ltr'>cer·</span> 
     </span>
     <span class='ocr_line' id='line_1_16' title="bbox 196 1845 1318 1931; baseline -0.009 -14"><span class='ocrx_word' id='word_1_124' title='bbox 196 1871 310 1917; x_wconf 83' lang='lat' dir='ltr'>varum</span> <span class='ocrx_word' id='word_1_125' title='bbox 330 1857 456 1924; x_wconf 87' lang='lat' dir='ltr'>natura,</span> <span class='ocrx_word' id='word_1_126' title='bbox 484 1868 569 1931; x_wconf 87' lang='lat' dir='ltr'>quae</span> <span class='ocrx_word' id='word_1_127' title='bbox 595 1867 701 1930; x_wconf 87' lang='lat' dir='ltr'>neque</span> <span class='ocrx_word' id='word_1_128' title='bbox 727 1845 834 1911; x_wconf 89' lang='lat' dir='ltr'>dentis</span> <span class='ocrx_word' id='word_1_129' title='bbox 859 1845 981 1911; x_wconf 89' lang='lat' dir='ltr'>habent</span> <span class='ocrx_word' id='word_1_130' title='bbox 1006 1855 1044 1910; x_wconf 92' lang='lat' dir='ltr'>ut</span> <span class='ocrx_word' id='word_1_131' title='bbox 1069 1867 1174 1929; x_wconf 88' lang='lat' dir='ltr'>neque</span> <span class='ocrx_word' id='word_1_132' title='bbox 1200 1865 1318 1919; x_wconf 89' lang='lat' dir='ltr'>mares,</span> 
     </span>
     <span class='ocr_line' id='line_1_17' title="bbox 195 1945 1319 2023; baseline -0.005 -7"><span class='ocrx_word' id='word_1_133' title='bbox 195 1972 257 2016; x_wconf 89' lang='lat' dir='ltr'>uec</span> <span class='ocrx_word' id='word_1_134' title='bbox 278 1960 385 2014; x_wconf 88' lang='lat' dir='ltr'>tamen</span> <span class='ocrx_word' id='word_1_135' title='bbox 407 1969 536 2014; x_wconf 87' lang='lat' dir='ltr'>cornua.</span> <span class='ocrx_word' id='word_1_136' title='bbox 570 1945 762 2013; x_wconf 87' lang='lat' dir='ltr'>Ceterorum</span> <span class='ocrx_word' id='word_1_137' title='bbox 789 1945 917 2013; x_wconf 90' lang='lat' dir='ltr'>ossibus</span> <span class='ocrx_word' id='word_1_138' title='bbox 938 1946 1124 2023; x_wconf 86' lang='lat' dir='ltr'>adhaerent,</span> <span class='ocrx_word' id='word_1_139' title='bbox 1150 1966 1319 2011; x_wconf 84' lang='lat' dir='ltr'>cervorum</span> 
     </span>
     <span class='ocr_line' id='line_1_18' title="bbox 197 2049 697 2116; baseline -0.006 0"><span class='ocrx_word' id='word_1_140' title='bbox 197 2060 321 2116; x_wconf 88' lang='lat' dir='ltr'>tautum</span> <span class='ocrx_word' id='word_1_141' title='bbox 344 2049 472 2115; x_wconf 90' lang='lat' dir='ltr'>cutibus</span> <span class='ocrx_word' id='word_1_142' title='bbox 494 2059 697 2114; x_wconf 90' lang='lat' dir='ltr'>enascuntur.</span> 
     </span>
    </p>

    <p class='ocr_par' dir='ltr' id='par_1_3' title="bbox 194 2147 1381 2538">
     <span class='ocr_line' id='line_1_19' title="bbox 238 2147 1381 2237; baseline -0.007 -21"><span class='ocrx_word' id='word_1_143' title='bbox 238 2153 291 2216; x_wconf 84' lang='lat'>46.</span> <span class='ocrx_word' id='word_1_144' title='bbox 325 2149 443 2237; x_wconf 87' lang='lat' dir='ltr'>Capita</span> <span class='ocrx_word' id='word_1_145' title='bbox 462 2150 606 2237; x_wconf 90' lang='lat' dir='ltr'>piscibus</span> <span class='ocrx_word' id='word_1_146' title='bbox 628 2149 774 2236; x_wconf 88' lang='lat' dir='ltr'>portione</span> <span class='ocrx_word' id='word_1_147' title='bbox 796 2169 968 2235; x_wconf 89' lang='lat' dir='ltr'>corporum</span> <span class='ocrx_word' id='word_1_148' title='bbox 988 2169 1149 2226; x_wconf 88' lang='lat' dir='ltr'>maxuma,</span> <span class='ocrx_word' id='word_1_149' title='bbox 1172 2147 1318 2212; x_wconf 86' lang='lat' dir='ltr'>fortassis</span> <span class='ocrx_word' id='word_1_150' title='bbox 1333 2164 1381 2209; x_wconf 81' lang='lat' dir='ltr'>raa</span> 
     </span>
     <span class='ocr_line' id='line_1_20' title="bbox 195 2249 1317 2339; baseline -0.003 -22"><span class='ocrx_word' id='word_1_151' title='bbox 195 2263 234 2318; x_wconf 92' lang='lat' dir='ltr'>ut</span> <span class='ocrx_word' id='word_1_152' title='bbox 252 2262 456 2339; x_wconf 84' lang='lat' dir='ltr'>mergantur3</span> <span class='ocrx_word' id='word_1_153' title='bbox 479 2262 658 2317; x_wconf 87' lang='lat' dir='ltr'>ostrearum</span> <span class='ocrx_word' id='word_1_154' title='bbox 679 2251 791 2337; x_wconf 86' lang='lat' dir='ltr'>generi</span> <span class='ocrx_word' id='word_1_155' title='bbox 812 2251 901 2316; x_wconf 86' lang='lat' dir='ltr'>nulla</span> <span class='ocrx_word' id='word_1_156' title='bbox 919 2272 979 2316; x_wconf 90' lang='lat' dir='ltr'>nec</span> <span class='ocrx_word' id='word_1_157' title='bbox 994 2249 1146 2336; x_wconf 83' lang='lat' dir='ltr'>spongeis</span> <span class='ocrx_word' id='word_1_158' title='bbox 1165 2270 1226 2314; x_wconf 88' lang='lat' dir='ltr'>neo</span> <span class='ocrx_word' id='word_1_159' title='bbox 1244 2249 1317 2314; x_wconf 84' lang='lat' dir='ltr'>aliis</span> 
     </span>
     <span class='ocr_line' id='line_1_21' title="bbox 194 2350 1316 2438; baseline -0.004 -18"><span class='ocrx_word' id='word_1_160' title='bbox 194 2357 272 2432; x_wconf 85' lang='lat' dir='ltr'>fere,</span> <span class='ocrx_word' id='word_1_161' title='bbox 293 2353 411 2438; x_wconf 87' lang='lat' dir='ltr'>quibus</span> <span class='ocrx_word' id='word_1_162' title='bbox 435 2353 521 2418; x_wconf 92' lang='lat' dir='ltr'>solus</span> <span class='ocrx_word' id='word_1_163' title='bbox 544 2377 585 2418; x_wconf 88' lang='lat' dir='ltr'>ex</span> <span class='ocrx_word' id='word_1_164' title='bbox 607 2352 756 2418; x_wconf 88' lang='lat' dir='ltr'>sensibus</span> <span class='ocrx_word' id='word_1_165' title='bbox 778 2362 885 2418; x_wconf 88' lang='lat' dir='ltr'>tactus</span> <span class='ocrx_word' id='word_1_166' title='bbox 907 2363 967 2418; x_wconf 91' lang='lat' dir='ltr'>est.</span> <span class='ocrx_word' id='word_1_167' title='bbox 990 2351 1194 2433; x_wconf 82' lang='lat' dir='ltr'>Quibusdam</span> <span class='ocrx_word' id='word_1_168' title='bbox 1213 2350 1316 2424; x_wconf 86' lang='lat' dir='ltr'>iudis-</span> 
     </span>
     <span class='ocr_line' id='line_1_22' title="bbox 195 2454 662 2538; baseline -0.011 -16"><span class='ocrx_word' id='word_1_169' title='bbox 195 2465 320 2522; x_wconf 90' lang='lat' dir='ltr'>cretum</span> <span class='ocrx_word' id='word_1_170' title='bbox 340 2463 448 2538; x_wconf 91' lang='lat' dir='ltr'>caput,</span> <span class='ocrx_word' id='word_1_171' title='bbox 469 2465 506 2517; x_wconf 90' lang='lat' dir='ltr'>ut</span> <span class='ocrx_word' id='word_1_172' title='bbox 528 2454 662 2520; x_wconf 85' lang='lat' dir='ltr'>cancris.</span> 
     </span>
    </p>

    <p class='ocr_par' dir='ltr' id='par_1_4' title="bbox 194 2552 1378 3048">
     <span class='ocr_line' id='line_1_23' title="bbox 237 2552 1378 2640; baseline -0.006 -20"><span class='ocrx_word' id='word_1_173' title='bbox 237 2557 289 2620; x_wconf 79' lang='lat'>47.</span> <span class='ocrx_word' id='word_1_174' title='bbox 317 2554 357 2618; x_wconf 94' lang='lat' dir='ltr'>In</span> <span class='ocrx_word' id='word_1_175' title='bbox 379 2555 484 2640; x_wconf 89' lang='lat' dir='ltr'>capite</span> <span class='ocrx_word' id='word_1_176' title='bbox 499 2555 683 2619; x_wconf 89' lang='lat' dir='ltr'>animalium</span> <span class='ocrx_word' id='word_1_177' title='bbox 705 2564 892 2621; x_wconf 89' lang='lat' dir='ltr'>cunctorum</span> <span class='ocrx_word' id='word_1_178' title='bbox 905 2554 1026 2620; x_wconf 89' lang='lat' dir='ltr'>homini</span> <span class='ocrx_word' id='word_1_179' title='bbox 1039 2553 1207 2639; x_wconf 87' lang='lat' dir='ltr'>plurumus</span> <span class='ocrx_word' id='word_1_180' title='bbox 1221 2552 1316 2640; x_wconf 89' lang='lat' dir='ltr'>pilus,</span> <span class='ocrx_word' id='word_1_181' title='bbox 1330 2565 1378 2613; x_wconf 80' lang='lat'>1³0</span> 
     </span>
     <span class='ocr_line' id='line_1_24' title="bbox 194 2654 1315 2741; baseline -0.003 -19"><span class='ocrx_word' id='word_1_182' title='bbox 194 2658 258 2722; x_wconf 89' lang='lat' dir='ltr'>iam</span> <span class='ocrx_word' id='word_1_183' title='bbox 291 2654 421 2738; x_wconf 92' lang='lat' dir='ltr'>quidem</span> <span class='ocrx_word' id='word_1_184' title='bbox 453 2656 633 2740; x_wconf 84' lang='lat' dir='ltr'>promiscue</span> <span class='ocrx_word' id='word_1_185' title='bbox 665 2655 808 2721; x_wconf 87' lang='lat' dir='ltr'>maribus</span> <span class='ocrx_word' id='word_1_186' title='bbox 840 2677 878 2722; x_wconf 89' lang='lat' dir='ltr'>ac</span> <span class='ocrx_word' id='word_1_187' title='bbox 907 2655 1035 2722; x_wconf 84' lang='lat' dir='ltr'>feminis</span> <span class='ocrx_word' id='word_1_188' title='bbox 1063 2655 1152 2741; x_wconf 87' lang='lat' dir='ltr'>apud</span> <span class='ocrx_word' id='word_1_189' title='bbox 1171 2655 1315 2720; x_wconf 88' lang='lat' dir='ltr'>intonsas</span> 
     </span>
     <span class='ocr_line' id='line_1_25' title="bbox 194 2754 1316 2843; baseline -0.001 -21"><span class='ocrx_word' id='word_1_190' title='bbox 194 2757 307 2840; x_wconf 90' lang='lat' dir='ltr'>utique</span> <span class='ocrx_word' id='word_1_191' title='bbox 328 2756 446 2843; x_wconf 85' lang='lat' dir='ltr'>gentis.</span> <span class='ocrx_word' id='word_1_192' title='bbox 468 2757 579 2839; x_wconf 86' lang='lat' dir='ltr'>Atque</span> <span class='ocrx_word' id='word_1_193' title='bbox 601 2756 697 2821; x_wconf 89' lang='lat' dir='ltr'>etiam</span> <span class='ocrx_word' id='word_1_194' title='bbox 717 2757 847 2823; x_wconf 89' lang='lat' dir='ltr'>uomina</span> <span class='ocrx_word' id='word_1_195' title='bbox 868 2781 909 2823; x_wconf 91' lang='lat' dir='ltr'>ex</span> <span class='ocrx_word' id='word_1_196' title='bbox 930 2779 968 2823; x_wconf 93' lang='lat' dir='ltr'>eo</span> <span class='ocrx_word' id='word_1_197' title='bbox 992 2754 1160 2843; x_wconf 87' lang='lat' dir='ltr'>Capillatis</span> <span class='ocrx_word' id='word_1_198' title='bbox 1179 2757 1316 2843; x_wconf 90' lang='lat' dir='ltr'>Alpium</span> 
     </span>
     <span class='ocr_line' id='line_1_26' title="bbox 194 2855 1316 2945; baseline 0.001 -23"><span class='ocrx_word' id='word_1_199' title='bbox 194 2857 320 2935; x_wconf 91' lang='lat' dir='ltr'>incolis,</span> <span class='ocrx_word' id='word_1_200' title='bbox 336 2855 461 2924; x_wconf 87' lang='lat' dir='ltr'>Galliae</span> <span class='ocrx_word' id='word_1_201' title='bbox 477 2856 643 2937; x_wconf 86' lang='lat' dir='ltr'>Comatae,</span> <span class='ocrx_word' id='word_1_202' title='bbox 665 2868 702 2922; x_wconf 92' lang='lat' dir='ltr'>ut</span> <span class='ocrx_word' id='word_1_203' title='bbox 724 2869 831 2924; x_wconf 89' lang='lat' dir='ltr'>tamen</span> <span class='ocrx_word' id='word_1_204' title='bbox 853 2861 894 2925; x_wconf 87' lang='lat' dir='ltr'>sit</span> <span class='ocrx_word' id='word_1_205' title='bbox 914 2860 1022 2945; x_wconf 87' lang='lat' dir='ltr'>aliqua</span> <span class='ocrx_word' id='word_1_206' title='bbox 1035 2859 1069 2924; x_wconf 90' lang='lat' dir='ltr'>in</span> <span class='ocrx_word' id='word_1_207' title='bbox 1082 2859 1143 2924; x_wconf 94' lang='lat' dir='ltr'>hoc</span> <span class='ocrx_word' id='word_1_208' title='bbox 1158 2868 1316 2924; x_wconf 84' lang='lat' dir='ltr'>terrarum</span> 
     </span>
     <span class='ocr_line' id='line_1_27' title="bbox 196 2958 1315 3048; baseline -0.008 -19"><span class='ocrx_word' id='word_1_209' title='bbox 196 2959 385 3029; x_wconf 80' lang='lat' dir='ltr'>differentia</span> <span class='ocrx_word' id='word_1_210' title='bbox 416 2958 548 3046; x_wconf 81' lang='lat' dir='ltr'>Quippe</span> <span class='ocrx_word' id='word_1_211' title='bbox 568 2958 715 3046; x_wconf 86' lang='lat' dir='ltr'>Myconii</span> <span class='ocrx_word' id='word_1_212' title='bbox 737 2971 881 3026; x_wconf 80' lang='lat' dir='ltr'>carentes</span> <span class='ocrx_word' id='word_1_213' title='bbox 909 2981 947 3026; x_wconf 88' lang='lat' dir='ltr'>eo</span> <span class='ocrx_word' id='word_1_214' title='bbox 973 2959 1151 3048; x_wconf 81' lang='lat' dir='ltr'>gignuntur</span> <span class='ocrx_word' id='word_1_215' title='bbox 1180 2959 1261 3025; x_wconf 92' lang='lat' dir='ltr'>sicut</span> <span class='ocrx_word' id='word_1_216' title='bbox 1280 2959 1315 3022; x_wconf 90' lang='lat' dir='ltr'>in</span> 
     </span>
    </p>
   </div>
   <div class='ocr_carea' id='block_1_3' title="bbox 186 3164 1330 4316">
    <p class='ocr_par' dir='ltr' id='par_1_5' title="bbox 186 3164 1330 4318">
     <span class='ocr_line' id='line_1_28' title="bbox 229 3164 1315 3233; baseline -0.003 -16"><span class='ocrx_word' id='word_1_217' title='bbox 229 3167 359 3231; x_wconf 82' lang='lat' dir='ltr'>traducent,</span> <span class='ocrx_word' id='word_1_218' title='bbox 370 3169 402 3220; x_wconf 88' lang='lat' dir='ltr'>R.</span> <span class='ocrx_word' id='word_1_219' title='bbox 421 3168 554 3231; x_wconf 73' lang='lat' dir='ltr'>traducum,</span> <span class='ocrx_word' id='word_1_220' title='bbox 567 3170 620 3220; x_wconf 83' lang='lat' dir='ltr'>Td.</span> <span class='ocrx_word' id='word_1_221' title='bbox 639 3167 789 3231; x_wconf 68' lang='lat' dir='ltr'>uuncluceut,</span> <span class='ocrx_word' id='word_1_222' title='bbox 800 3164 850 3233; x_wconf 70' lang='grc' dir='ltr'>βγ.</span> <span class='ocrx_word' id='word_1_223' title='bbox 872 3209 905 3219; x_wconf 89' lang='grc'>..</span> <span class='ocrx_word' id='word_1_224' title='bbox 927 3165 1047 3231; x_wconf 80' lang='lat' dir='ltr'>multoque</span> <span class='ocrx_word' id='word_1_225' title='bbox 1061 3165 1121 3228; x_wconf 83' lang='lat' dir='ltr'>ulia,</span> <span class='ocrx_word' id='word_1_226' title='bbox 1138 3169 1192 3219; x_wconf 78' lang='grc' dir='ltr'>Τὰ.</span> <span class='ocrx_word' id='word_1_227' title='bbox 1209 3206 1243 3216; x_wconf 91' lang='grc'>..</span> <span class='ocrx_word' id='word_1_228' title='bbox 1260 3181 1315 3214; x_wconf 84' lang='lat' dir='ltr'>con·</span> 
     </span>
     <span class='ocr_line' id='line_1_29' title="bbox 186 3231 1313 3302; baseline -0.004 -16"><span class='ocrx_word' id='word_1_229' title='bbox 186 3237 311 3301; x_wconf 83' lang='lat' dir='ltr'>scruntur,</span> <span class='ocrx_word' id='word_1_230' title='bbox 321 3238 352 3286; x_wconf 90' lang='lat' dir='ltr'>R.</span> <span class='ocrx_word' id='word_1_231' title='bbox 370 3237 501 3301; x_wconf 69' lang='lat' dir='ltr'>conseruat,</span> <span class='ocrx_word' id='word_1_232' title='bbox 510 3239 562 3288; x_wconf 75' lang='grc' dir='ltr'>Τά.</span> <span class='ocrx_word' id='word_1_233' title='bbox 581 3237 856 3302; x_wconf 82' lang='lat' dir='ltr'>comparantur,Dulec.</span> <span class='ocrx_word' id='word_1_234' title='bbox 875 3277 907 3287; x_wconf 87' lang='lat'>..</span> <span class='ocrx_word' id='word_1_235' title='bbox 925 3242 1034 3296; x_wconf 76' lang='lat' dir='ltr'>cestrota,</span> <span class='ocrx_word' id='word_1_236' title='bbox 1046 3237 1091 3287; x_wconf 86' lang='lat' dir='ltr'>Rd</span> <span class='ocrx_word' id='word_1_237' title='bbox 1103 3231 1189 3296; x_wconf 88' lang='lat' dir='ltr'>(codd.</span> <span class='ocrx_word' id='word_1_238' title='bbox 1201 3234 1313 3283; x_wconf 76' lang='lat' dir='ltr'>Tur-neb.</span> 
     </span>
     <span class='ocr_line' id='line_1_30' title="bbox 194 3300 1313 3366; baseline -0.005 -11"><span class='ocrx_word' id='word_1_239' title='bbox 194 3307 250 3356; x_wconf 80' lang='lat' dir='ltr'>adr.</span> <span class='ocrx_word' id='word_1_240' title='bbox 262 3311 301 3366; x_wconf 82' lang='lat' dir='ltr'>lu,</span> <span class='ocrx_word' id='word_1_241' title='bbox 311 3301 365 3366; x_wconf 82' lang='lat'>24.)</span> <span class='ocrx_word' id='word_1_242' title='bbox 382 3313 519 3366; x_wconf 75' lang='lat' dir='ltr'>cerostrata,</span> <span class='ocrx_word' id='word_1_243' title='bbox 527 3300 670 3366; x_wconf 71' lang='lat' dir='ltr'>Barbanss.</span> <span class='ocrx_word' id='word_1_244' title='bbox 689 3312 789 3353; x_wconf 80' lang='lat' dir='ltr'>cestrota</span> <span class='ocrx_word' id='word_1_245' title='bbox 800 3321 824 3366; x_wconf 85' lang='lat' dir='ltr'>a,</span> <span class='ocrx_word' id='word_1_246' title='bbox 836 3305 916 3355; x_wconf 85' lang='lat' dir='ltr'>Hard.</span> <span class='ocrx_word' id='word_1_247' title='bbox 933 3305 968 3355; x_wconf 87' lang='lat' dir='ltr'>V.</span> <span class='ocrx_word' id='word_1_248' title='bbox 980 3304 1099 3357; x_wconf 81' lang='lat' dir='ltr'>Schneid.</span> <span class='ocrx_word' id='word_1_249' title='bbox 1111 3302 1144 3351; x_wconf 89' lang='lat' dir='ltr'>ad</span> <span class='ocrx_word' id='word_1_250' title='bbox 1152 3302 1252 3350; x_wconf 83' lang='lat' dir='ltr'>Vitrur.</span> <span class='ocrx_word' id='word_1_251' title='bbox 1264 3300 1313 3350; x_wconf 87' lang='lat' dir='ltr'>IV.</span> 
     </span>
     <span class='ocr_line' id='line_1_31' title="bbox 213 3388 1312 3503; baseline -0.005 -15"><span class='ocrx_word' id='word_1_252' title='bbox 213 3409 244 3503; x_wconf 58' lang='grc' dir='ltr'>’ᾗ</span> <span class='ocrx_word' id='word_1_253' title='bbox 258 3388 314 3489; x_wconf 60' lang='lat' dir='ltr'>rit.</span> <span class='ocrx_word' id='word_1_254' title='bbox 332 3454 447 3500; x_wconf 63' lang='lat' dir='ltr'>macone,</span> <span class='ocrx_word' id='word_1_255' title='bbox 458 3455 479 3489; x_wconf 87' lang='lat' dir='ltr'>r.</span> <span class='ocrx_word' id='word_1_256' title='bbox 496 3443 612 3500; x_wconf 71' lang='lat' dir='ltr'>mucroni,</span> <span class='ocrx_word' id='word_1_257' title='bbox 624 3441 656 3489; x_wconf 89' lang='lat' dir='ltr'>R.</span> <span class='ocrx_word' id='word_1_258' title='bbox 674 3438 700 3488; x_wconf 82' lang='lat' dir='ltr'>iu</span> <span class='ocrx_word' id='word_1_259' title='bbox 711 3454 849 3496; x_wconf 76' lang='lat' dir='ltr'>mucrouen,</span> <span class='ocrx_word' id='word_1_260' title='bbox 858 3440 912 3490; x_wconf 75' lang='grc' dir='ltr'>Τὰ.</span> <span class='ocrx_word' id='word_1_261' title='bbox 929 3439 955 3488; x_wconf 77' lang='lat' dir='ltr'>ic</span> <span class='ocrx_word' id='word_1_262' title='bbox 964 3453 1077 3500; x_wconf 72' lang='lat' dir='ltr'>unumne,</span> <span class='ocrx_word' id='word_1_263' title='bbox 1091 3432 1113 3498; x_wconf 83' lang='grc' dir='ltr'>β</span> <span class='ocrx_word' id='word_1_264' title='bbox 1117 3450 1143 3500; x_wconf 77' lang='lat' dir='ltr'>r.</span> <span class='ocrx_word' id='word_1_265' title='bbox 1160 3436 1195 3484; x_wconf 82' lang='lat' dir='ltr'>V.</span> <span class='ocrx_word' id='word_1_266' title='bbox 1204 3434 1312 3484; x_wconf 85' lang='lat' dir='ltr'>Aristot.</span> 
     </span>
     <span class='ocr_line' id='line_1_32' title="bbox 194 3503 1313 3572; baseline -0.004 -15"><span class='ocrx_word' id='word_1_267' title='bbox 194 3508 213 3557; x_wconf 93' lang='lat' dir='ltr'>l.</span> <span class='ocrx_word' id='word_1_268' title='bbox 225 3508 243 3557; x_wconf 91' lang='lat' dir='ltr'>l.</span> <span class='ocrx_word' id='word_1_269' title='bbox 257 3510 280 3569; x_wconf 81' lang='lat'>2,</span> <span class='ocrx_word' id='word_1_270' title='bbox 294 3512 316 3555; x_wconf 87' lang='lat' dir='ltr'>l.</span> <span class='ocrx_word' id='word_1_271' title='bbox 328 3522 354 3570; x_wconf 90' lang='lat' dir='ltr'>p.</span> <span class='ocrx_word' id='word_1_272' title='bbox 368 3511 435 3556; x_wconf 69' lang='lat'><strong>5002</strong></span> <span class='ocrx_word' id='word_1_273' title='bbox 447 3513 471 3557; x_wconf 83' lang='grc'>6.</span> <span class='ocrx_word' id='word_1_274' title='bbox 490 3547 522 3556; x_wconf 82' lang='lat'><em>-</em></span> <span class='ocrx_word' id='word_1_275' title='bbox 541 3513 638 3568; x_wconf 73' lang='lat' dir='ltr'>mutum,</span> <span class='ocrx_word' id='word_1_276' title='bbox 650 3508 683 3557; x_wconf 88' lang='lat' dir='ltr'>R.</span> <span class='ocrx_word' id='word_1_277' title='bbox 706 3514 791 3566; x_wconf 83' lang='lat' dir='ltr'>nutem,</span> <span class='ocrx_word' id='word_1_278' title='bbox 804 3503 875 3572; x_wconf 72' lang='grc' dir='ltr'>ᾶβγ.</span> <span class='ocrx_word' id='word_1_279' title='bbox 900 3508 957 3559; x_wconf 88' lang='lat' dir='ltr'>Om.</span> <span class='ocrx_word' id='word_1_280' title='bbox 970 3509 1002 3559; x_wconf 85' lang='lat' dir='ltr'>T.</span> <span class='ocrx_word' id='word_1_281' title='bbox 1021 3547 1052 3557; x_wconf 87' lang='lat'><em>-</em></span> <span class='ocrx_word' id='word_1_282' title='bbox 1069 3504 1192 3565; x_wconf 85' lang='lat' dir='ltr'>Boum,v.</span> <span class='ocrx_word' id='word_1_283' title='bbox 1204 3503 1313 3554; x_wconf 87' lang='lat' dir='ltr'>Aristot.</span> 
     </span>
     <span class='ocr_line' id='line_1_33' title="bbox 195 3565 1330 3638; baseline -0.006 -12"><span class='ocrx_word' id='word_1_284' title='bbox 195 3575 243 3626; x_wconf 86' lang='lat' dir='ltr'>l.l.</span> <span class='ocrx_word' id='word_1_285' title='bbox 256 3581 282 3636; x_wconf 83' lang='lat'>8,</span> <span class='ocrx_word' id='word_1_286' title='bbox 297 3579 320 3625; x_wconf 86' lang='lat'>7.</span> <span class='ocrx_word' id='word_1_287' title='bbox 338 3614 370 3623; x_wconf 87' lang='grc'>..</span> <span class='ocrx_word' id='word_1_288' title='bbox 393 3572 621 3638; x_wconf 79' lang='lat' dir='ltr'>oruiuauupucndo,</span> <span class='ocrx_word' id='word_1_289' title='bbox 633 3575 657 3624; x_wconf 93' lang='lat' dir='ltr'>d.</span> <span class='ocrx_word' id='word_1_290' title='bbox 675 3615 707 3625; x_wconf 92' lang='lat'>..</span> <span class='ocrx_word' id='word_1_291' title='bbox 725 3573 837 3637; x_wconf 81' lang='lat' dir='ltr'>accendo,</span> <span class='ocrx_word' id='word_1_292' title='bbox 848 3577 881 3627; x_wconf 89' lang='lat' dir='ltr'>K.</span> <span class='ocrx_word' id='word_1_293' title='bbox 899 3617 931 3625; x_wconf 82' lang='grc'>-</span> <span class='ocrx_word' id='word_1_294' title='bbox 950 3575 975 3624; x_wconf 84' lang='lat' dir='ltr'>in</span> <span class='ocrx_word' id='word_1_295' title='bbox 986 3574 1056 3638; x_wconf 68' lang='lat' dir='ltr'>einp,</span> <span class='ocrx_word' id='word_1_296' title='bbox 1067 3575 1099 3625; x_wconf 87' lang='lat' dir='ltr'>R.</span> <span class='ocrx_word' id='word_1_297' title='bbox 1122 3571 1228 3636; x_wconf 67' lang='lat' dir='ltr'>utsiup„</span> <span class='ocrx_word' id='word_1_298' title='bbox 1241 3565 1330 3634; x_wconf 47' lang='lat' dir='ltr'>dtis!</span> 
     </span>
     <span class='ocr_line' id='line_1_34' title="bbox 194 3639 1314 3708; baseline -0.006 -13"><span class='ocrx_word' id='word_1_299' title='bbox 194 3684 227 3695; x_wconf 91' lang='lat'>..</span> <span class='ocrx_word' id='word_1_300' title='bbox 246 3640 372 3708; x_wconf 80' lang='lat' dir='ltr'>capitibus,</span> <span class='ocrx_word' id='word_1_301' title='bbox 388 3642 456 3693; x_wconf 83' lang='lat' dir='ltr'>R¹d.</span> <span class='ocrx_word' id='word_1_302' title='bbox 474 3641 596 3707; x_wconf 71' lang='lat' dir='ltr'>partibus,</span> <span class='ocrx_word' id='word_1_303' title='bbox 612 3644 658 3693; x_wconf 64' lang='lat'>1³².</span> <span class='ocrx_word' id='word_1_304' title='bbox 676 3684 709 3693; x_wconf 92' lang='lat'>..</span> <span class='ocrx_word' id='word_1_305' title='bbox 719 3641 793 3705; x_wconf 77' lang='lat' dir='ltr'>flunt,</span> <span class='ocrx_word' id='word_1_306' title='bbox 809 3644 841 3705; x_wconf 85' lang='lat' dir='ltr'>R,</span> <span class='ocrx_word' id='word_1_307' title='bbox 860 3644 904 3707; x_wconf 91' lang='lat' dir='ltr'>qui</span> <span class='ocrx_word' id='word_1_308' title='bbox 920 3652 1051 3708; x_wconf 88' lang='lat' dir='ltr'>praeterea</span> <span class='ocrx_word' id='word_1_309' title='bbox 1067 3657 1133 3707; x_wconf 90' lang='lat' dir='ltr'>pone</span> <span class='ocrx_word' id='word_1_310' title='bbox 1149 3639 1222 3704; x_wconf 79' lang='lat' dir='ltr'>cupit.</span> <span class='ocrx_word' id='word_1_311' title='bbox 1239 3641 1314 3704; x_wconf 89' lang='lat' dir='ltr'>plene</span> 
     </span>
     <span class='ocr_line' id='line_1_35' title="bbox 193 3709 1315 3840; baseline -0.005 -77"><span class='ocrx_word' id='word_1_312' title='bbox 193 3711 451 3840; x_wconf 57' lang='lat' dir='ltr'>interpungit,dp3erba</span> <span class='ocrx_word' id='word_1_313' title='bbox 462 3710 566 3776; x_wconf 83' lang='lat' dir='ltr'>quatfi.</span> <span class='ocrx_word' id='word_1_314' title='bbox 579 3711 613 3762; x_wconf 88' lang='lat' dir='ltr'>ad</span> <span class='ocrx_word' id='word_1_315' title='bbox 628 3727 680 3776; x_wconf 91' lang='lat' dir='ltr'>seq.</span> <span class='ocrx_word' id='word_1_316' title='bbox 695 3711 806 3762; x_wconf 84' lang='lat' dir='ltr'>referens</span> <span class='ocrx_word' id='word_1_317' title='bbox 823 3719 848 3761; x_wconf 93' lang='lat' dir='ltr'>et</span> <span class='ocrx_word' id='word_1_318' title='bbox 863 3726 931 3776; x_wconf 90' lang='lat' dir='ltr'>poue</span> <span class='ocrx_word' id='word_1_319' title='bbox 946 3709 1067 3762; x_wconf 84' lang='lat' dir='ltr'>Tenuiorc</span> <span class='ocrx_word' id='word_1_320' title='bbox 1078 3712 1170 3760; x_wconf 84' lang='lat' dir='ltr'>iterum</span> <span class='ocrx_word' id='word_1_321' title='bbox 1183 3711 1315 3772; x_wconf 88' lang='lat' dir='ltr'>interpun-</span> 
     </span>
     <span class='ocr_line' id='line_1_36' title="bbox 212 3785 429 3832; baseline -0.009 0"><span class='ocrx_word' id='word_1_322' title='bbox 212 3796 263 3832; x_wconf 83' lang='lat' dir='ltr'>eus.</span> <span class='ocrx_word' id='word_1_323' title='bbox 295 3785 339 3828; x_wconf 82' lang='lat' dir='ltr'>unt</span> <span class='ocrx_word' id='word_1_324' title='bbox 423 3816 429 3830; x_wconf 93' lang='lat'>.</span> 
     </span>
     <span class='ocr_line' id='line_1_37' title="bbox 194 3779 1314 3912; baseline -0.008 -14"><span class='ocrx_word' id='word_1_325' title='bbox 194 3795 212 3845; x_wconf 62' lang='lat' dir='ltr'>g</span> <span class='ocrx_word' id='word_1_326' title='bbox 229 3850 244 3911; x_wconf 65' lang='grc' dir='ltr'><strong>ς</strong></span> <span class='ocrx_word' id='word_1_327' title='bbox 258 3779 314 3898; x_wconf 48' lang='lat' dir='ltr'>lg&amp;</span> <span class='ocrx_word' id='word_1_328' title='bbox 338 3794 423 3897; x_wconf 61' lang='lat' dir='ltr'>{nutui</span> <span class='ocrx_word' id='word_1_329' title='bbox 428 3845 504 3897; x_wconf 83' lang='lat' dir='ltr'>ouium</span> <span class='ocrx_word' id='word_1_330' title='bbox 516 3845 591 3909; x_wconf 82' lang='lat' dir='ltr'>nullu,</span> <span class='ocrx_word' id='word_1_331' title='bbox 603 3847 640 3898; x_wconf 86' lang='lat' dir='ltr'>ita</span> <span class='ocrx_word' id='word_1_332' title='bbox 650 3847 807 3912; x_wconf 85' lang='lat' dir='ltr'>interpunxit</span> <span class='ocrx_word' id='word_1_333' title='bbox 817 3847 889 3897; x_wconf 78' lang='lat' dir='ltr'>Brot</span> <span class='ocrx_word' id='word_1_334' title='bbox 901 3861 927 3911; x_wconf 77' lang='grc' dir='ltr'>γ.</span> <span class='ocrx_word' id='word_1_335' title='bbox 951 3862 1036 3910; x_wconf 85' lang='lat' dir='ltr'>pecore</span> <span class='ocrx_word' id='word_1_336' title='bbox 1040 3865 1049 3908; x_wconf 91' lang='lat'>,·</span> <span class='ocrx_word' id='word_1_337' title='bbox 1061 3844 1141 3895; x_wconf 77' lang='lat' dir='ltr'>multia</span> <span class='ocrx_word' id='word_1_338' title='bbox 1152 3843 1228 3894; x_wconf 81' lang='lat' dir='ltr'>ouium</span> <span class='ocrx_word' id='word_1_339' title='bbox 1240 3839 1314 3903; x_wconf 86' lang='lat' dir='ltr'>nulla,</span> 
     </span>
     <span class='ocr_line' id='line_1_38' title="bbox 193 3912 1313 3977; baseline -0.003 -15"><span class='ocrx_word' id='word_1_340' title='bbox 193 3928 214 3963; x_wconf 91' lang='lat' dir='ltr'>r.</span> <span class='ocrx_word' id='word_1_341' title='bbox 236 3913 332 3977; x_wconf 78' lang='lat' dir='ltr'>mutilis,</span> <span class='ocrx_word' id='word_1_342' title='bbox 348 3916 427 3966; x_wconf 79' lang='lat' dir='ltr'>Haud.</span> <span class='ocrx_word' id='word_1_343' title='bbox 449 3916 488 3967; x_wconf 80' lang='lat' dir='ltr'>At</span> <span class='ocrx_word' id='word_1_344' title='bbox 502 3930 525 3965; x_wconf 79' lang='lat' dir='ltr'>v.</span> <span class='ocrx_word' id='word_1_345' title='bbox 543 3915 661 3967; x_wconf 79' lang='lat' dir='ltr'>Schneid</span> <span class='ocrx_word' id='word_1_346' title='bbox 677 3917 710 3966; x_wconf 90' lang='lat' dir='ltr'>ad</span> <span class='ocrx_word' id='word_1_347' title='bbox 725 3915 863 3966; x_wconf 81' lang='lat' dir='ltr'>Aristotl.</span> <span class='ocrx_word' id='word_1_348' title='bbox 876 3915 895 3964; x_wconf 93' lang='lat'>1.</span> <span class='ocrx_word' id='word_1_349' title='bbox 907 3921 932 3977; x_wconf 79' lang='lat'>4,</span> <span class='ocrx_word' id='word_1_350' title='bbox 946 3921 985 3964; x_wconf 89' lang='lat'>11.</span> <span class='ocrx_word' id='word_1_351' title='bbox 998 3921 1062 3964; x_wconf 83' lang='lat' dir='ltr'>extr.</span> <span class='ocrx_word' id='word_1_352' title='bbox 1076 3916 1108 3966; x_wconf 87' lang='lat' dir='ltr'>T.</span> <span class='ocrx_word' id='word_1_353' title='bbox 1120 3912 1155 3963; x_wconf 85' lang='lat' dir='ltr'>IL</span> <span class='ocrx_word' id='word_1_354' title='bbox 1166 3928 1192 3976; x_wconf 91' lang='lat' dir='ltr'>p.</span> <span class='ocrx_word' id='word_1_355' title='bbox 1205 3916 1267 3961; x_wconf 67' lang='lat'>261.</span> <span class='ocrx_word' id='word_1_356' title='bbox 1281 3951 1313 3960; x_wconf 82' lang='lat'><em>-</em></span> 
     </span>
     <span class='ocr_line' id='line_1_39' title="bbox 195 3973 1314 4047; baseline 0 -19"><span class='ocrx_word' id='word_1_357' title='bbox 195 3995 323 4041; x_wconf 87' lang='lat' dir='ltr'>ceruorum,</span> <span class='ocrx_word' id='word_1_358' title='bbox 333 3984 416 4034; x_wconf 84' lang='lat' dir='ltr'>RTd.</span> <span class='ocrx_word' id='word_1_359' title='bbox 435 3999 565 4045; x_wconf 79' lang='lat' dir='ltr'>cervarum,</span> <span class='ocrx_word' id='word_1_360' title='bbox 576 3978 598 4044; x_wconf 82' lang='grc' dir='ltr'><em>β</em></span> <span class='ocrx_word' id='word_1_361' title='bbox 602 3997 627 4047; x_wconf 78' lang='grc' dir='ltr'>γ.</span> <span class='ocrx_word' id='word_1_362' title='bbox 641 4023 673 4032; x_wconf 93' lang='grc'>..</span> <span class='ocrx_word' id='word_1_363' title='bbox 684 3980 847 4047; x_wconf 70' lang='grc' dir='ltr'><em>εοῑίᾶῲεᾶωη,</em></span> <span class='ocrx_word' id='word_1_364' title='bbox 856 3983 936 4033; x_wconf 84' lang='lat' dir='ltr'>Hard.</span> <span class='ocrx_word' id='word_1_365' title='bbox 945 3983 1029 4033; x_wconf 81' lang='lat' dir='ltr'>tacite.</span> <span class='ocrx_word' id='word_1_366' title='bbox 1046 3979 1183 4045; x_wconf 68' lang='lat' dir='ltr'>sobpcdm,</span> <span class='ocrx_word' id='word_1_367' title='bbox 1191 3973 1270 4039; x_wconf 70' lang='lat' dir='ltr'>Rdss.</span> <span class='ocrx_word' id='word_1_368' title='bbox 1281 4019 1314 4028; x_wconf 86' lang='grc'>..</span> 
     </span>
     <span class='ocr_line' id='line_1_40' title="bbox 193 4048 1315 4115; baseline 0.001 -20"><span class='ocrx_word' id='word_1_369' title='bbox 193 4055 283 4096; x_wconf 82' lang='lat' dir='ltr'>nutura</span> <span class='ocrx_word' id='word_1_370' title='bbox 294 4048 383 4112; x_wconf 78' lang='lat' dir='ltr'>tribuit,</span> <span class='ocrx_word' id='word_1_371' title='bbox 393 4052 431 4102; x_wconf 89' lang='lat' dir='ltr'>ita</span> <span class='ocrx_word' id='word_1_372' title='bbox 441 4066 489 4104; x_wconf 90' lang='lat' dir='ltr'>nos</span> <span class='ocrx_word' id='word_1_373' title='bbox 499 4051 645 4115; x_wconf 89' lang='lat' dir='ltr'>scripsimus</span> <span class='ocrx_word' id='word_1_374' title='bbox 655 4059 790 4114; x_wconf 85' lang='lat' dir='ltr'>praeeunte</span> <span class='ocrx_word' id='word_1_375' title='bbox 801 4050 927 4112; x_wconf 86' lang='lat' dir='ltr'>Broterio‚</span> <span class='ocrx_word' id='word_1_376' title='bbox 939 4052 983 4114; x_wconf 87' lang='lat' dir='ltr'>qui</span> <span class='ocrx_word' id='word_1_377' title='bbox 993 4049 1103 4115; x_wconf 75' lang='lat' dir='ltr'>ruibuit</span> <span class='ocrx_word' id='word_1_378' title='bbox 1111 4056 1199 4098; x_wconf 81' lang='lat' dir='ltr'>actura</span> <span class='ocrx_word' id='word_1_379' title='bbox 1207 4048 1315 4111; x_wconf 87' lang='lat' dir='ltr'>scripsit.</span> 
     </span>
     <span class='ocr_line' id='line_1_41' title="bbox 197 4114 1315 4182; baseline 0.002 -20"><span class='ocrx_word' id='word_1_380' title='bbox 197 4114 257 4177; x_wconf 90' lang='lat' dir='ltr'>Ipso</span> <span class='ocrx_word' id='word_1_381' title='bbox 269 4116 425 4168; x_wconf 79' lang='lat' dir='ltr'>substantivo</span> <span class='ocrx_word' id='word_1_382' title='bbox 437 4135 496 4169; x_wconf 90' lang='lat' dir='ltr'>cum</span> <span class='ocrx_word' id='word_1_383' title='bbox 508 4118 577 4182; x_wconf 84' lang='lat' dir='ltr'>egeri</span> <span class='ocrx_word' id='word_1_384' title='bbox 588 4132 642 4167; x_wconf 93' lang='lat' dir='ltr'>non</span> <span class='ocrx_word' id='word_1_385' title='bbox 652 4119 741 4181; x_wconf 87' lang='lat' dir='ltr'>possit,</span> <span class='ocrx_word' id='word_1_386' title='bbox 753 4127 841 4171; x_wconf 84' lang='lat' dir='ltr'>nostra</span> <span class='ocrx_word' id='word_1_387' title='bbox 852 4119 988 4169; x_wconf 87' lang='lat' dir='ltr'>collocatio</span> <span class='ocrx_word' id='word_1_388' title='bbox 1000 4126 1105 4182; x_wconf 89' lang='lat' dir='ltr'>propter</span> <span class='ocrx_word' id='word_1_389' title='bbox 1115 4119 1257 4169; x_wconf 86' lang='lat' dir='ltr'>litterarum</span> <span class='ocrx_word' id='word_1_390' title='bbox 1270 4117 1315 4165; x_wconf 88' lang='lat' dir='ltr'>du·</span> 
     </span>
     <span class='ocr_line' id='line_1_42' title="bbox 261 4181 1204 4298; baseline 0 2"><span class='ocrx_word' id='word_1_391' title='bbox 261 4181 816 4298; x_wconf 59' lang='lat' dir='ltr'>t</span> <span class='ocrx_word' id='word_1_392' title='bbox 833 4184 1204 4250; x_wconf 63' lang='grc' dir='ltr'>ν·</span> 
     </span>
     <span class='ocr_line' id='line_1_43' title="bbox 240 4286 1194 4316; baseline -0.001 0"><span class='ocrx_word' id='word_1_393' title='bbox 240 4286 246 4299; x_wconf 87' lang='grc'><em>·</em></span> <span class='ocrx_word' id='word_1_394' title='bbox 719 4289 726 4314; x_wconf 83' lang='lat' dir='ltr'>t</span> <span class='ocrx_word' id='word_1_395' title='bbox 765 4291 770 4304; x_wconf 92' lang='lat'>·</span> <span class='ocrx_word' id='word_1_396' title='bbox 790 4295 821 4304; x_wconf 91' lang='lat'>-</span> <span class='ocrx_word' id='word_1_397' title='bbox 917 4291 924 4316; x_wconf 79' lang='lat' dir='ltr'>t</span> <span class='ocrx_word' id='word_1_398' title='bbox 1099 4289 1106 4315; x_wconf 82' lang='lat' dir='ltr'>t</span> <span class='ocrx_word' id='word_1_399' title='bbox 1136 4290 1142 4303; x_wconf 92' lang='lat'><strong>·</strong></span> <span class='ocrx_word' id='word_1_400' title='bbox 1162 4294 1194 4303; x_wconf 93' lang='lat'><em>-</em></span> 
     </span>
    </p>
   </div>
   <div class='ocr_carea' id='block_1_4' title="bbox 0 0 1452 4800">
    <p class='ocr_par' dir='ltr' id='par_1_6' title="bbox 0 0 1452 4800">
     <span class='ocr_line' id='line_1_44' title="bbox 0 0 1452 4800; baseline 0 1"><span class='ocrx_word' id='word_1_401' title='bbox 0 0 1452 4800; x_wconf 95' lang='lat' dir='ltr'> </span> 
     </span>
    </p>
   </div>
  </div>
 </body>
</html>
