2896 4800
412 262 485 311 nm.
499 259 578 312 xm.
605 258 685 308 err.
699 258 797 308 xxv,
817 254 917 304 siser.
931 256 1022 302 Μ.
1114 257 1139 283 ¹·-
1207 237 1272 305 407

149 415 208 484 Fit
233 425 267 482 et
291 413 400 503 palma
429 414 581 481 fruticum
614 417 750 501 generis.
790 408 897 475 Extra
923 407 1076 476 Herculis
1107 407 1272 476 colunnas

149 518 240 606 porri
266 518 379 585 fruude
404 516 548 582 nascitur
579 515 689 581 frutex
717 523 751 579 et
777 512 859 578 alius
886 511 969 579 lauri
1000 531 1039 578 ac
1067 508 1184 597 thymi,
1215 513 1272 599 qui

150 620 246 688 ambo
268 620 361 686 eiecti
381 619 416 684 iu
437 616 600 703 pumicem
620 614 900 702 transfigurantur.
955 665 963 671 .
1269 642 1273 658 ·

196 723 249 788 50.
279 721 326 790 At
346 721 381 786 iu
401 720 524 786 oriente
550 717 668 783 mirum
693 727 744 783 est
770 716 878 782 statim
903 735 925 782 a
948 712 1058 804 Copto
1077 735 1138 802 per
1159 712 1272 782 solitu·
1287 731 1334 776 les

151 823 246 890 dines
271 823 351 888 nihil
377 822 470 909 gigni
496 829 626 908 praeter
654 818 782 906 spinam
808 814 892 904 quae
917 813 1032 884 sitiens
1055 810 1207 898 vocatur,
1241 829 1275 884 st

151 925 236 991 hanc
257 946 363 990 raram
383 922 568 1001 admodum,
590 921 624 987 in
644 920 726 986 mari
747 941 826 987 vero
838 918 938 987 rubro
951 916 1048 986 silvas
1061 914 1181 999 vivere,
1202 919 1274 988 noa

152 1047 225 1093 rum
245 1047 396 1092 maxume
418 1034 454 1091 et
472 1025 592 1092 olivam
614 1021 772 1089 ferentem
803 1021 903 1088 bacas
934 1028 966 1089 el
992 1043 1066 1088 oum
1086 1022 1180 1108 pluat
1198 1019 1275 1089 fun.

152 1150 213 1218 gos
240 1128 297 1214 qui
323 1127 391 1193 sole
412 1127 488 1192 tecti
507 1120 675 1192 mutantur
694 1124 729 1190 iu
749 1123 921 1211 pumicem.
942 1122 1112 1191 muscum
1132 1118 1275 1212 ipsorum

152 1228 342 1320 magnitudo
367 1239 495 1294 ternum
521 1227 703 1294 cubitorum
731 1236 792 1305 est,
822 1225 976 1292 caniculis
1003 1225 1131 1305 referta,
1157 1226 1214 1292 vix
1239 1236 1277 1293 ut

152 1332 342 1420 prospicere
369 1328 497 1396 enare
523 1337 629 1396 tutum
655 1327 708 1407 sit,
733 1346 839 1393 remos
864 1326 1056 1414 plerumque
1074 1321 1166 1414 ipsos
1183 1327 1275 1396 inra-

153 1434 316 1500 dentibus.
500 1464 503 1473 ·
791 1469 793 1472 <
883 1473 887 1481 -
970 1426 974 1431 ’
1022 1428 1025 1433 ’
1103 1456 1104 1461 ’
1247 1462 1251 1468 ·

198 1535 251 1600 51.
285 1531 353 1614 Qui
377 1531 573 1622 navigavere
599 1530 633 1596 in
659 1528 760 1596 Indos
780 1529 961 1596 Alexandri
986 1529 1103 1597 milites
1129 1530 1277 1598 frondem
1290 1539 1339 1588 ¹4⁰

154 1635 351 1701 marinarum
379 1634 531 1701 arborum
558 1631 719 1699 tradidere
745 1630 781 1697 in
808 1651 893 1716 aqua
912 1629 1052 1699 viridem
1072 1631 1189 1714 luisse,
1218 1655 1277 1700 ex·

156 1747 265 1824 empta
286 1737 353 1802 sole
374 1737 522 1823 protinus
542 1734 578 1801 in
598 1734 700 1800 salem
725 1741 906 1811 arescentc3
935 1733 1049 1800 iuncos
1074 1751 1202 1819 quoque
1228 1734 1277 1801 la·

154 1837 271 1927 pideos
292 1857 455 1925 perquam·
470 1836 583 1930 similis
603 1835 689 1902 veris
701 1842 771 1922 'per
795 1834 890 1900 litora
918 1844 952 1903 et
976 1834 1012 1901 in
1032 1834 1099 1903 alto
1121 1833 1278 1920 quasdem

155 1939 343 2005 arbusculas
364 1937 469 2003 colore
490 1935 606 2003 bubuli
626 1958 743 2003 coruus
762 1956 905 2002 ramosas
926 1945 961 2002 et
978 1936 1199 2004 cacuminibus
1219 1960 1278 2004 ru·

153 2040 271 2119 bentis‚
299 2061 373 2106 cum
401 2047 615 2103 tractarentur
641 2036 717 2103 vitri
742 2036 838 2102 modo
858 2036 994 2128 fingilis,
1023 2037 1059 2103 in
1079 2037 1149 2125 igni
1170 2048 1277 2105 sutem

154 2152 193 2210 ut
213 2143 333 2207 ferrum
353 2137 594 2216 mandamentis,
616 2137 778 2205 restinctis
800 2139 905 2204 colore
927 2159 986 2203 suo
1006 2138 1173 2206 redeunte.
1206 2140 1277 2206 Eo-
1291 2152 1336 2200 141

156 2245 230 2309 dem
252 2250 358 2307 tractu
378 2239 556 2306 insularum
570 2239 667 2304 silvas
681 2238 785 2325 operit
798 2249 919 2318 aestus,
940 2261 1134 2325 quamquam
1148 2240 1278 2308 altiores

156 2341 294 2431 platanis
314 2340 506 2427 populisque
527 2339 701 2406 altissimis.
722 2339 815 2405 Folia
835 2340 876 2406 iis
896 2339 1017 2419 laurea,
1038 2338 1099 2406 flos
1119 2342 1223 2408 violae
1244 2354 1278 2410 et

156 2443 254 2509 odore
275 2451 309 2508 et
329 2442 451 2518 colore3
480 2441 581 2507 bacae
607 2451 645 2508 ut
665 2440 744 2508 oleis
766 2450 799 2508 et
819 2441 909 2529 ipsse
931 2441 1038 2508 odoris
1052 2443 1195 2523 iucundi,
1217 2466 1277 2510 au·

157 2554 268 2611 tumne
289 2553 470 2622 nascentes,
496 2543 580 2609 foliis
601 2564 775 2629 numquam
796 2541 952 2611 deciduis.
989 2541 1116 2610 Herum
1137 2544 1276 2614 minores

156 2745 232 2810 beri.)
246 2746 343 2815 pleros,
355 2749 380 2801 (1.
398 2790 430 2801 ...
440 2748 523 2815 soliis,
534 2751 581 2801 ed.
597 2747 688 2813 spolies,
699 2743 729 2810 β.
748 2791 780 2801 -
797 2748 842 2801 dit
851 2756 881 2812 et,
893 2751 939 2802 ed.
956 2748 1005 2800 Est
1015 2748 1090 2813 cesti,
1101 2750 1135 2802 K.
1153 2793 1184 2802 ..
1204 2747 1276 2815 lauri,

157 2815 213 2867 ST.
231 2815 307 2894 lanso,
319 2819 364 2935 og:
382 2815 452 2868 losro
462 2825 486 2867 et
497 2816 574 2882 thymo
584 2815 676 2879 similes,
687 2818 791 2869 Burber.
809 2819 872 2869 Alia
881 2819 938 2870 vult
947 2819 1017 2871 Piut.
1029 2860 1061 2870 -
1074 2836 1112 2883 uc,
1121 2821 1167 2871 ad.
1185 2828 1215 2883 et,
1223 2816 1275 2885 βγ.

158 2923 190 2934 ...
205 2899 306 2946 ponne,
317 2901 334 2934 a

191 2953 276 3014 §lea
294 2959 366 3013 meto,
378 2952 403 3002 (1
420 2952 454 3002 V.
465 2953 597 3016 Theophr.
608 2951 627 3001 l.
638 2951 657 3001 1.
668 2950 716 3000 IV.
730 2953 754 3011 7,
766 2955 789 3000 7.
802 2989 835 3000 ..
852 2949 935 3013 olivus,
947 2954 972 3003 d.
984 2992 1017 3002 -
1027 2953 1144 3017 scentes,
1156 2972 1179 3006 a
1189 2956 1276 3020 seren·

158 3016 228 3078 tibus,
244 3019 268 3067 d.
286 3057 319 3066 ..
336 3033 388 3066 cam
400 3016 479 3082 pluat,
496 3021 520 3068 d.
543 3016 662 3082 conpleat,
678 3032 702 3066 u.
720 3056 752 3065 ...
771 3017 872 3080 pumice,
888 3020 913 3069 (1.
931 3057 964 3068 ..
987 3027 1077 3068 innam
1092 3021 1218 3070 creditorum
1234 3030 1276 3084 ert,

158 3078 260 3134 O'l'nd.
278 3091 395 3133 ternorum
407 3092 443 3132 est
452 3083 589 3144 cubitorum,
601 3079 631 3145 β.
649 3123 682 3133 ..
704 3081 824 3143 mustelis,
836 3087 873 3134 al.
895 3124 928 3134 ..
949 3085 1051 3149 referto3
1063 3095 1122 3152 post
1132 3089 1159 3137 h.
1171 3104 1194 3137 v.
1207 3090 1276 3139 exci-

159 3152 226 3203 disse
237 3151 319 3200 nrcric
330 3152 471 3216 suspicatur
482 3152 550 3202 Pirit
562 3165 596 3201 ex
607 3151 740 3215 Theophr.
753 3152 771 3201 1.
782 3152 801 3200 1.
813 3150 861 3202 IV.
876 3155 898 3214 7,
911 3157 935 3202 2.
959 3152 1027 3203 Mihi
1038 3155 1196 3218 probabilius
1206 3157 1276 3207 ride·

158 3226 200 3269 tur
216 3220 375 3270 scribendum
391 3234 445 3270 esse
460 3218 555 3281 referto,
571 3220 607 3269 ita
624 3227 653 3269 ut
670 3234 703 3268 ex
714 3220 883 3283 superioribus
894 3218 959 3268 mari
969 3222 1123 3285 suppleatur.
1141 3263 1174 3272 ..
1196 3223 1277 3285 visst

158 3289 204 3338 ad.
221 3294 248 3336 ot
257 3286 305 3350 ote,
313 3282 364 3351 βγ.
378 3329 407 3338 ..
418 3285 562 3351 prospicere,
572 3289 645 3337 codd.
655 3285 712 3338 Gel.
729 3287 900 3351 respicerent
917 3287 1040 3352 respicere,
1048 3291 1137 3340 Ka²d.
1149 3332 1181 3340 ..
1194 3306 1214 3352 e,
1225 3306 1277 3342 om.

158 3370 314 3470 caepere,
325 3355 384 3406 a²d.
407 3354 468 3418 nive,
480 3357 516 3407 αἱ.
538 3353 604 3416 neci,
615 3350 667 3419 βγ.
685 3395 717 3405 ..
736 3362 829 3417 tortere,
841 3357 886 3406 ad.
903 3395 936 3406 ..
953 3353 1124 3421 invadentibus,
1135 3359 1240 3410 Bsrbsr.
1252 3360 1277 3411 d.

158 3437 199 3471 sno
262 3422 327 3484 dum,
338 3438 362 3472 a

193 3491 280 3551 §ltu
301 3506 335 3538 no
354 3490 451 3550 ‘evoe
463 3491 539 3540 Tad.
559 3486 724 3555 nooipnress.
749 3492 784 3541 V.
796 3491 958 3556 Theophrl.
970 3493 989 3542 l.
1001 3491 1048 3544 IV.
1062 3496 1084 3555 7,
1097 3500 1121 3546 3.
1140 3535 1173 3544 ..
1194 3491 1278 3544 eeIn·

159 3551 206 3616 diis,
217 3555 285 3604 Pint.
302 3556 334 3604 ub
360 3555 422 3617 ndis,
433 3558 524 3606 Dalec.
546 3556 571 3605 in
586 3556 657 3618 Inde,
671 3559 829 3608 Freinshcm.
845 3562 878 3609 ad
892 3560 963 3610 curt.
975 3559 1023 3609 IX.
1036 3566 1060 3622 9,
1072 3567 1112 3612 20.
1131 3602 1163 3611 -
1186 3568 1279 3610 wenta

160 3628 186 3670 et
198 3629 324 3682 arescente,
334 3624 379 3671 sd.
398 3630 512 3670 mentum
524 3631 549 3673 st
561 3631 712 3684 arescerem,
722 3620 773 3688 fir.
792 3625 843 3676 Sed
854 3627 898 3675 alii
910 3639 1013 3690 quoquc
1024 3631 1092 3691 apud
1102 3629 1215 3679 Plinium
1226 3628 1279 3679 loci

160 3688 330 3749 inveniuntur,
342 3689 386 3738 ubi
397 3689 501 3739 ablativi
513 3690 622 3740 absoluti
634 3699 762 3754 ponuntur
771 3692 832 3742 loco
843 3693 969 3758 participii
980 3695 1130 3758 praedicati3
1146 3712 1169 3745 v.
1183 3704 1207 3758 2,
1221 3702 1278 3747 198.

159 3753 288 3805 Praecedit
295 3770 365 3804 sonus
375 3795 408 3804 ..
418 3795 451 3804 ..
460 3754 543 3805 exilius
550 3765 719 3820 praeconem,
727 3756 807 3807 eodem
818 3775 892 3809 rauco
901 3799 933 3809 -
942 3758 1069 3809 resultante
1077 3800 1109 3812 ..
1114 3763 1234 3826 fremente
1245 3800 1278 3815 ...

153 3822 290 3886 fluctuante
301 3823 462 3887 ..servente3
485 3829 509 3884 8,
529 3829 585 3874 129.
607 3823 745 3874 Procedant
759 3841 821 3887 vere,
838 3825 881 3875 sed
895 3842 973 3875 mares
980 3827 1149 3893 praepingues,
1166 3831 1232 3879 cuins
1243 3829 1281 3880 res'

161 3907 236 3940 causo
252 3907 297 3942 non
315 3897 428 3956 prompto
445 3897 487 3952 cst,
505 3891 591 3954 qnippe
606 3907 635 3940 ne
651 3908 730 3941 somno
746 3892 839 3956 quidem
852 3893 981 3959 rapinatim
998 3909 1022 3944 r.
1038 3897 1117 3947 Haas.
1134 3891 1168 3947 ad
1183 3899 1279 3962 Reisig.

161 3960 243 4009 schol.
257 3967 389 4024 grammat.
402 3960 459 4009 Lat.
472 3961 487 4022 ᾗ
500 3965 557 4009 431.
569 3974 595 4022 p.
609 3963 666 4010 759.
680 3975 734 4023 sqq.
747 4001 780 4010 -
797 3959 877 4023 sintii,
888 3963 935 4011 ad.
947 4000 980 4011 ..
997 3979 1102 4026 ramosa,
1114 3968 1159 4015 ad.
1177 4007 1209 4016 ..
1226 3983 1279 4017 cnm

162 4032 328 4088 tractarentur,
340 4028 364 4076 (1.
387 4033 598 4088 contrectarentur,
610 4043 634 4077 a.
661 4027 728 4077 Mihi
740 4044 791 4077 cnm
803 4037 914 4078 connect
927 4030 1087 4084 scribendum
1097 4033 1202 4097 videtur,
1219 4036 1280 4099 quis

161 4092 213 4141 hoc
223 4095 328 4143 verbum
338 4096 371 4144 ad
383 4095 515 4157 sequentia
527 4096 641 4158 quadret.
659 4136 691 4146 ..
710 4094 770 4160 qni,
780 4098 824 4145 ad.
842 4096 903 4160 ipne,
913 4093 964 4161 βγ.

195 4160 281 4223 §leh
298 4160 335 4222 its,
347 4161 372 4210 d.
390 4159 434 4224 tis,
446 4162 479 4213 T.
496 4162 554 4213 Om.
567 4178 589 4212 s.
609 4203 640 4212 -
659 4161 751 4227 laureo,
766 4157 879 4215 ducor.
898 4162 969 4230 lauri,
978 4161 1031 4231 βγ.
1043 4207 1075 4217 ...
1092 4167 1150 4234 ipse,
1163 4172 1199 4221 n².
1217 4170 1279 4235 ipso,

162 4227 218 4276 a¹d.
239 4265 268 4275 -
287 4227 402 4290 autumni,
415 4231 460 4280 sd.
1057 4301 1075 4335 ἢ,
