2896 4800
431 275 502 319 am.
518 276 594 320 xm.
625 272 703 317 cae.
718 274 741 316 1.
772 271 870 316 suen.
886 273 904 312 1.
918 271 936 311 2.
1181 252 1244 315 369

124 431 217 516 plex:
248 448 345 494 sucus
368 436 400 490 et
420 446 552 510 corpus;
578 422 632 490 ille
654 421 715 489 olei
737 420 911 509 generibus
934 420 1003 485 fere
1026 432 1161 498 constat,
1183 421 1244 487 hoc

123 532 268 597 odonam.
290 528 384 592 Haec
399 536 569 611 stymmata
583 535 708 602 vocant,
724 523 778 588 illa
792 522 991 607 hedysmata.
1012 520 1142 586 Tertius
1160 523 1245 588 inter

124 632 204 697 haec
233 641 284 696 est
304 629 392 695 colos
412 627 521 693 multis
542 628 727 714 neglectum
755 625 851 690 huius
873 645 971 690 causa
991 622 1155 687 adduntur
1174 625 1244 690 cin-

124 732 253 798 nabaris
285 743 317 797 et
341 731 500 796 anchusa.
537 725 594 795 Sal
625 728 798 815 adspersus
830 726 891 792 olei
922 735 1070 790 naturam
1103 735 1244 803 coercet3

123 832 242 918 quibus
275 832 417 898 anchusa
443 831 569 897 adiecta
597 840 656 907 est,
690 830 738 894 sal
764 851 829 895 non
856 827 995 893 additur.
1043 825 1168 892 Resina
1190 837 1247 893 aut

126 935 260 1000 cummis
281 933 462 999 adiciuntur
488 933 531 998 ad
552 930 781 998 continendum
801 930 932 996 odorem
957 930 992 994 in
1014 950 1163 1016 corpore3
1191 951 1245 994 ce·

125 1035 253 1100 lerrime
280 1035 309 1099 is
336 1034 498 1100 evanescit
526 1044 622 1118 atque
644 1032 767 1110 defluit,
795 1031 908 1096 sinon
930 1041 1006 1096 sunt
1025 1030 1107 1096 haec
1128 1030 1245 1094 addita.

127 1136 378 1223 Unguentorum
400 1136 673 1222 expeditissimum
695 1134 759 1198 fuit
782 1133 995 1220 primumque,
1016 1144 1053 1198 ut
1073 1133 1275 1200 verisimile⁸

125 1249 185 1318 est,
216 1261 234 1304 e
256 1237 337 1324 bryo
359 1251 392 1304 et
411 1237 562 1305 balanino
583 1238 664 1315 olm,
693 1235 874 1320 dequibus
896 1258 994 1324 supra
1012 1234 1167 1315 diximum
1195 1236 1245 1301 in-

126 1341 227 1406 crevit
255 1341 372 1406 deinde
391 1339 598 1406 Mendesium
619 1336 777 1416 balanino,
805 1337 921 1414 resina,
946 1359 1054 1402 murra
1078 1335 1247 1426 magisque

126 1442 300 1507 etiamnum
321 1442 476 1528 metopi03
499 1443 604 1508 oleum
624 1441 685 1506 hoc
707 1450 758 1505 est
777 1439 958 1525 amygdalis
979 1439 1094 1504 amaris
1113 1460 1246 1525 expres·

126 1565 198 1607 sum
226 1544 260 1608 in
285 1544 452 1630 Aegypto,
487 1543 538 1608 cui
552 1565 556 1571 ·
571 1542 725 1607 addidere
752 1539 966 1628 omphacium,
998 1539 1246 1620 cardamomum,

126 1644 267 1723 iuncum,
291 1646 457 1723 calamum,
480 1643 555 1721 mel,
576 1645 697 1721 vinum,
719 1665 871 1721 murram,
887 1663 996 1707 semen
1010 1640 1155 1722 balsami,
1177 1643 1247 1730 gal·-

127 1745 258 1825 banum,
281 1745 420 1811 resinam
443 1745 698 1811 terebinthinam.
721 1743 752 1808 E
767 1744 931 1810 vilissimis
947 1743 1077 1828 quidem
1090 1743 1248 1830 hodieque
1261 1755 1276 1800 ⁹

127 1857 187 1924 est,
216 1846 258 1911 oh
283 1847 319 1911 id
347 1847 504 1912 creditum
531 1856 565 1911 et
589 1848 624 1910 in
649 1845 876 1911 vetustissimis
901 1866 983 1924 esso,
1011 1844 1099 1929 quod
1125 1854 1250 1910 constat

127 1948 197 2013 oleo
218 1957 355 2030 myrteo,
384 1947 517 2025 calamo,
545 1967 709 2030 cupressu,
740 1967 851 2031 cypro,
879 1945 1023 2023 lentisco,
1045 1945 1249 2031 maligranati

128 2047 257 2114 cortice.
291 2044 360 2112 Sed
389 2047 553 2132 divolgata
580 2069 730 2111 maxume
763 2057 928 2133 unguenta
955 2045 1147 2112 crediderim
1175 2068 1249 2113 rosa

127 2171 211 2234 quae
231 2150 382 2235 pluruma
402 2147 522 2232 ubique
544 2147 708 2233 gignitum
737 2147 846 2231 itaque
867 2147 1103 2232 simplicissima
1123 2148 1249 2214 rhodini

126 2251 267 2315 mixtura
288 2249 345 2313 diu
365 2249 427 2313 init
448 2249 557 2314 addito
580 2248 758 2333 omphacio,
780 2248 858 2312 flore
879 2270 983 2326 rosae,
1013 2250 1151 2330 crocino,
1179 2251 1248 2316 cin-

127 2350 250 2428 nabari,
280 2350 411 2428 calamo,
441 2350 545 2429 melle,
573 2350 679 2429 iunco,
709 2349 784 2414 salis
804 2348 883 2415 flore
905 2359 962 2414 aut
982 2350 1135 2429 anchusa,
1163 2350 1247 2416 vino.

128 2450 250 2519 Similis
271 2451 353 2518 ratio
375 2461 407 2516 ct
427 2451 461 2516 in
482 2452 610 2518 crocino
638 2451 755 2516 additis
777 2450 952 2530 cinnabari,
981 2452 1134 2532 anchusa,
1161 2453 1248 2532 vino,
1264 2465 1295 2509 10

129 2555 243 2621 inilia
262 2554 348 2621 etin
368 2554 594 2642 sampsuchino
616 2553 766 2618 admixtis
785 2552 963 2639 omphacio,
985 2538 1124 2634 calamo}
1151 2565 1248 2641 optu-

128 2679 217 2720 mum
247 2655 309 2722 hoc
336 2655 371 2721 in
399 2653 522 2743 Cypro,
559 2653 739 2741 Mytilenis,
768 2652 825 2719 ubi
852 2656 1002 2741 pluruma
1028 2657 1248 2744 sampsuchus.

128 2755 309 2824 Miscentur
330 2768 364 2824 et
383 2757 497 2823 viliora
517 2779 638 2845 genera
658 2757 719 2823 olei
741 2767 859 2844 myrto,
883 2757 989 2838 lauru,
1016 2757 1134 2844 quibus
1156 2759 1248 2828 addi-

129 2963 170 3030 (in
180 2973 289 3031 utroque
299 2966 385 3017 littera
395 2983 413 3016 a
424 2967 553 3031 sequentis
565 2968 675 3019 nominis
687 2966 803 3031 omissa.)
823 2976 915 3032 postea,
926 2965 977 3033 βγ.
997 3008 1028 3018 ..
1046 2966 1204 3028 Adramineo,
1219 2959 1248 3017 θ.

130 3073 162 3082 ..
177 3041 269 3096 postea,
281 3037 325 3083 ad.
339 3042 395 3097 post
406 3049 443 3096 ea,
455 3037 487 3085 R.
506 3075 538 3085 ...
556 3033 638 3083 eadem
650 3044 675 3084 et
683 3034 806 3098 praelata,
818 3051 841 3085 a.
860 3075 892 3084 ..
909 3034 993 3096 subito,
1006 3049 1057 3085 om.
1067 3052 1087 3085 r.

162 3102 177 3163 5
191 3107 214 3150 6.
232 3099 347 3163 Reliqua,
359 3117 382 3150 a.
395 3141 427 3151 ..
438 3101 635 3152 Paremheuaiccn
646 3099 757 3163 (micum,
768 3100 797 3165 a)
814 3117 881 3150 suum
892 3101 1009 3164 Athenae,
1020 3104 1066 3153 ad.
1079 3101 1208 3166 pontisne,
1216 3100 1249 3152 B.

130 3207 162 3217 ..
180 3182 217 3229 ex,
230 3169 313 3219 RTd.
332 3176 362 3231 et,
374 3183 397 3218 a.
417 3210 449 3218 -
467 3169 580 3227 namuco,
591 3160 722 3219 aaran.
740 3168 849 3230 narcissi,
862 3164 891 3231 β.

163 3237 178 3298 ξ
197 3238 219 3286 7.
237 3234 356 3286 Faciendi
370 3237 440 3299 ratic,
459 3239 483 3286 (1.
501 3278 533 3287 ..
552 3235 646 3301 duplus,
660 3239 706 3287 ad.
725 3277 757 3287 ..
774 3244 909 3301 stymmata,
925 3234 1040 3300 d(codd.
1052 3233 1180 3294 Barbari.)
1206 3235 1249 3285 sti-

128 3311 220 3366 pmnta,
238 3318 262 3355 a.
288 3303 444 3368 statimmata,
456 3306 488 3355 R.
512 3305 603 3368 partim
614 3311 743 3370 stymmata
754 3313 840 3354 uocant
847 3304 938 3369 partim
951 3303 1097 3370 ledysmata,
1109 3305 1198 3357 Dalcc.
1217 3344 1250 3355 -

128 3369 201 3429 color,
213 3373 237 3422 d.
256 3412 288 3423 ...
306 3371 449 3435 cinnabaris,
461 3374 579 3424 R'l'adr.
597 3371 732 3435 cinnabari,
743 3368 774 3434 β.
791 3413 823 3423 ..
842 3372 944 3438 mmmm,
955 3376 980 3425 (1.
996 3373 1167 3439 9ωηνηῖε,111.
1182 3389 1250 3439 qum·

129 3437 169 3498 mi,
181 3434 232 3501 βγ.
251 3479 283 3489 ..
300 3449 362 3503 sunt,
373 3437 490 3493 Roaur.
508 3441 562 3502 sint,
573 3437 603 3503 β.

164 3507 215 3567 §⁸-
233 3521 254 3567 e,
270 3509 314 3557 ad.
332 3510 402 3567 aaa.
422 3549 451 3558 -
476 3508 603 3572 dequibus
618 3507 819 3574 supradiximus,
835 3509 867 3559 R.
890 3510 980 3561 Omitt.
999 3504 1138 3576 OTadrr.
1160 3511 1195 3561 V.
1210 3514 1263 3572 12,

132 3575 188 3621 loa.
203 3577 260 3623 loo.
279 3612 311 3622 ...
328 3573 433 3635 increvit,
452 3570 540 3625 θεᾶν.
566 3575 703 3637 etincrcvit,
716 3577 748 3626 Ra
767 3617 799 3627 ..
821 3575 944 3638 indecisam,
956 3578 989 3627 R.
1012 3618 1044 3628 ..
1067 3578 1198 3639 roumalt.
1218 3619 1250 3628 -
1357 3615 1360 3623 .

129 3653 220 3699 murra,
232 3641 264 3690 R.
286 3654 377 3704 mytra,
389 3642 434 3690 ad.
455 3641 539 3698 mixta,
553 3637 605 3707 βγ.
625 3681 656 3692 ..
673 3642 782 3705 metopio,
792 3658 816 3692 v.
828 3644 946 3694 Dioscor.
960 3650 982 3704 1,
996 3649 1035 3696 71.
1053 3646 1184 3709 metopium,
1196 3646 1250 3695 Da-

130 3707 179 3755 lec.
197 3747 229 3756 ..
248 3705 431 3767 cardamomum,
445 3722 496 3757 om.
508 3709 540 3758 T.
863 3711 864 3714 ’
1209 3718 1212 3722 ’

165 3773 216 3834 §a
238 3771 271 3834 E,
283 3767 428 3824 ROTadr.
450 3773 487 3822 Et
497 3789 517 3836 e,
529 3771 558 3835 β.
577 3815 609 3825 -
627 3773 747 3839 hodieque,
759 3770 904 3829 ROTadr.
927 3776 1004 3841 lodie,
1016 3774 1069 3841 ὃβ.
1089 3819 1120 3828 ..
1139 3776 1251 3840 creditur,

132 3841 159 3892 S.
180 3883 212 3892 ..
230 3848 253 3890 et
264 3841 296 3902 in,
308 3842 340 3893 R.
363 3839 431 3902 etid,
444 3857 467 3892 a.
486 3849 509 3890 et
520 3841 548 3890 iu
558 3858 577 3904 e,
590 3843 642 3893 Tu.
664 3851 686 3891 et
696 3842 724 3892 id
735 3843 768 3904 in,
778 3840 808 3906 β.
827 3885 855 3894 ..
877 3845 947 3910 quod,
960 3862 1012 3899 cm.
1024 3849 1056 3898 R.
1074 3887 1107 3897 -
1126 3847 1251 3911 cupressea,

131 3908 163 3958 R.
182 3951 213 3959 ..
236 3908 443 3975 maliyrunati,R.
470 3908 665 3974 melicranatici,
678 3926 702 3961 a.
728 3927 780 3960 cum
791 3910 956 3976 malinranati,
969 3917 994 3966 d.
1019 3910 1222 3978 malogranata
1243 3953 1251 3966 .

132 4016 163 4025 -
182 3976 311 4041 diminuto,
324 3980 367 4028 ad.
386 4019 417 4028 ..
436 3994 500 4039 rosa,
512 3978 563 4028 Ru.
585 3993 661 4038 rosae,
674 3981 720 4044 dr.
739 4019 771 4029 ..
794 3978 886 4044 addito,
897 3983 934 4033 ita
945 3998 994 4035 nos
1005 3983 1158 4046 scripsimus.
1179 3930 1251 4035 aad·

133 4049 165 4102 ta,
177 4043 323 4098 semanim.
336 4042 428 4110 adfir.
447 4087 478 4096 ..
497 4062 571 4106 croco,
583 4046 672 4097 Dulce.
691 4087 723 4096 ..
741 4055 851 4112 annuato,
863 4051 908 4100 ad.
926 4090 958 4103 ..
976 4067 1030 4110 uno,
1042 4053 1075 4102 R.

166 4112 234 4173 §¹⁰-
253 4111 516 4164 Similisratio...vinc
528 4114 610 4164 omitt.
623 4115 668 4164 ad.
686 4155 718 4164 ..
739 4114 887 4180 complacco,
900 4119 932 4169 R.
950 4160 982 4170 ..
1008 4117 1093 4185 cypro,
1106 4120 1179 4171 aaa
1204 4117 1250 4186 ay.

129 4193 175 4240 pro
187 4185 216 4236 et,
227 4173 278 4243 βγ.
298 4217 328 4228 ..
346 4182 478 4244 earnhucm,
491 4184 515 4231 (1.
535 4188 565 4232 .“.
584 4180 635 4245 elai,
647 4182 679 4232 R.
699 4223 729 4231 ..
748 4191 831 4248 myrto,
843 4185 919 4237 Rau.
936 4195 1043 4252 amyra,
1053 4183 1104 4251 βγ.
1116 4208 1151 4238 “..
1173 4186 1250 4251 laurua

132 4246 163 4294 R.
183 4243 258 4306 lautu,
270 4242 363 4311 adssr.

165 4313 241 4363 Pam.
259 4313 294 4364 11.
1000 4320 1047 4384 '24
