2896 4800
148 253 213 317 420
503 267 706 318 seruulus
728 268 923 318 marorum

148 445 220 488 rum
247 421 281 485 in
307 421 357 486 his
384 420 486 488 vineis
512 432 635 501 strues,
667 423 781 490 litteris
814 424 883 490 cius
910 424 1075 491 altioribus
1100 435 1214 493 contra
1239 428 1277 494 id

147 525 243 612 pigra
263 524 426 591 vicinitate
449 523 510 589 sibi
532 525 767 610 patrocinante,
788 525 962 592 novissime
980 526 1117 593 Annaeo
1133 524 1275 610 Seneca,

147 627 293 713 principe
320 636 389 690 tum
416 625 607 692 eruditionis
634 649 672 692 ac
697 628 859 713 potentiae
885 651 968 714 quae
988 640 1150 715 postremo
1171 632 1276 697 nimia

147 729 210 822 fuit
239 751 336 815 super
356 728 479 814 ipsum,
507 727 648 793 minume
676 728 788 813 utique
817 729 967 796 miratore
993 731 1154 812 inanium,
1181 741 1274 798 tanto

145 830 259 916 praedi
279 830 348 895 eius
370 851 478 895 amore
500 840 595 916 capto
616 840 654 894 ut
674 853 740 895 non
753 830 890 917 puderet
902 832 1006 898 inviso
1020 832 1098 897 alias
1114 843 1147 897 et
1159 843 1273 898 osten-

147 941 253 997 taturo
276 931 401 996 tradere
422 931 563 1017 palmam
585 954 666 1011 eam,
690 932 806 1019 emptis
828 934 1061 1019 quadriplicato
1082 934 1185 999 vineis
1207 932 1273 998 illis

144 1034 230 1098 intra
251 1033 421 1098 decumum
442 1032 511 1099 fere
533 1054 629 1100 curae
651 1056 786 1111 annum3
809 1035 909 1124 digna
922 1057 1021 1121 opera
1032 1057 1117 1120 quae
1130 1034 1165 1099 in
1181 1032 1270 1100 Cae·
1286 1053 1319 1097 ⁵2

146 1135 238 1200 cubis
262 1132 447 1219 Setinisque
473 1135 562 1224 agris
588 1136 768 1222 proficeret,
797 1137 925 1221 quando
954 1147 988 1203 et
1014 1148 1127 1222 postea
1154 1159 1269 1222 saepe-

143 1259 277 1302 numero
311 1248 461 1324 septenos
493 1237 602 1303 culeos
636 1238 764 1324 singula
789 1238 904 1326 iugera
929 1241 989 1305 hoc
1017 1250 1066 1306 est
1097 1238 1270 1324 amphoras

131 1349 296 1410 ,centenas
321 1339 546 1425 quadragenas
571 1339 670 1404 musti
697 1340 825 1406 dedere.
857 1341 910 1407 Ac
931 1362 973 1405 ne
998 1340 1072 1424 quis
1093 1341 1209 1405 victam
1231 1341 1269 1404 in

142 1437 205 1503 hoc
226 1438 448 1522 antiquitatem
470 1440 688 1520 arbitraretur,
710 1441 796 1507 idem
812 1439 895 1508 Cato
917 1442 1017 1507 denos
1039 1441 1146 1507 culeos
1160 1441 1269 1507 redJ‘re

144 1562 186 1605 ex
212 1540 378 1625 iugeribus
409 1540 548 1626 scripsit,
571 1541 763 1608 efficacibus
789 1544 945 1628 exemplis
970 1566 1037 1608 non
1064 1543 1164 1607 maria
1192 1543 1268 1630 plus

144 1651 299 1705 temerata
320 1641 462 1708 conferre
482 1642 661 1720 mercatori,
683 1665 748 1707 non
768 1643 803 1708 in
824 1644 958 1711 rubrum
978 1644 1055 1709 litus
1075 1643 1267 1709 Indicumue

143 1741 258 1806 mercis
279 1741 409 1828 petitas,
432 1764 530 1827 quam
551 1743 698 1809 sedulum
719 1744 804 1810 ruris
825 1745 935 1811 larem.
1194 1746 1196 1748 ’

187 1845 216 1908 6.
244 1843 331 1911 Vino
353 1844 577 1930 antiquissima
604 1843 731 1911 claritas
753 1845 909 1913 Maroneo
930 1847 964 1911 in
986 1846 1144 1913 Thraciae
1164 1846 1264 1914 mari-
1279 1863 1312 1908 sa

145 1945 224 2012 tima
245 1957 337 2033 parte
358 1946 480 2034 genito,
502 1957 540 2011 ut
560 1956 671 2012 auctor
692 1958 743 2013 est
763 1947 927 2015 Homerus
934 1973 943 2026 3
976 1970 1082 2033 neque
1104 1950 1189 2014 cuim
1213 1951 1264 2016 fa-

142 2048 256 2113 bulosa
277 2058 333 2112 aut
351 2049 391 2112 de
406 2048 529 2134 origine
542 2048 631 2113 varic
644 2049 776 2134 prodita
787 2061 1016 2131 consectamur,
1039 2061 1265 2136 praeterquam

141 2150 327 2216 Aristaeum
355 2150 493 2238 primum
522 2150 664 2215 omnium
690 2151 724 2215 in
751 2151 863 2218 eadem
891 2162 987 2239 gente
1012 2152 1077 2218 mel
1097 2151 1265 2217 miscuisse

140 2251 232 2331 vino,
270 2252 427 2319 suavitate
452 2251 628 2339 praecipua
653 2253 819 2338 utriusque
845 2264 979 2319 naturae
1007 2263 1120 2341 sponte
1145 2276 1263 2340 prove-

140 2354 268 2420 nientis.
304 2353 497 2420 Maroneum
523 2355 645 2420 viciens
674 2364 764 2420 tanto
792 2354 902 2421 addito
933 2378 1035 2440 aquae
1061 2355 1263 2422 miscendum

57 2518 59 2525 .
140 2453 302 2522 Homerus
329 2456 481 2543 prodidit.
518 2452 627 2521 Durat
654 2455 761 2521 etiam
777 2456 827 2523 ris
853 2457 887 2521 in
909 2457 1022 2522 eadem
1043 2467 1129 2524 terra
1149 2456 1262 2545 generi
1276 2471 1309 2516 ⁵4

140 2555 294 2644 rigorque
315 2557 501 2635 indomitus,
524 2557 646 2644 quippe
664 2578 737 2622 cum
751 2556 924 2624 Mucianus
946 2568 995 2623 ter
1016 2559 1129 2625 consul
1148 2581 1189 2624 ex
1209 2559 1260 2624 his

139 2656 197 2741 qui
217 2657 400 2744 nuperrime
426 2657 598 2744 prodidere
625 2658 782 2724 sextarios
805 2658 948 2748 singulos
970 2661 1143 2748 octogenis·
1156 2682 1261 2744 aquae

139 2758 267 2824 misceri
289 2760 469 2846 conpererit
489 2781 643 2845 praesens
665 2759 699 2824 in
721 2782 760 2827 co
783 2770 903 2842 tractu,
931 2783 1003 2830 esse
1025 2772 1134 2829 autem
1154 2762 1262 2829 colore

174 2895 223 2960 lia,
246 2902 304 2950 aod
318 2895 460 2965 (Murbac.)
477 2899 530 2964 iia,
552 2896 604 2966 βγ.
628 2941 660 2950 ..
683 2898 792 2962 altura,
809 2903 914 2954 Barbar.
946 2903 1008 2954 Alia
1027 2909 1127 2954 tentant
1145 2902 1212 2954 rins
1233 2910 1261 2952 er

138 2964 228 3016 Delec.
250 3007 282 3017 ..
301 2966 472 3033 principatum,
484 2970 539 3020 aed
551 2966 692 3033 (Murbac.)
716 3010 748 3019 ..
770 2968 915 3032 tradicionis,
927 2987 950 3020 a.
973 2969 1116 3032 rodidona,
1128 2972 1163 3021 cd
1175 2967 1259 3032 (Mur-

138 3031 208 3096 bac.)
230 3075 263 3084 -
283 3036 408 3099 palestrae,
421 3038 491 3088 Tdr.
514 3036 632 3101 potentie,
642 3052 677 3086 ac
689 3033 829 3099 (Mnrbac.)
840 3033 870 3099 β.
896 3038 976 3088 Varia
991 3039 1130 3089 coniiciunt
1144 3038 1259 3099 Barbar.,

137 3102 222 3152 Rhen.
235 3111 260 3152 et
270 3105 338 3154 Pint
356 3145 388 3153 -
406 3104 463 3166 ruit,
475 3105 554 3156 Gron.
571 3144 604 3154 ..
619 3103 726 3167 praedii,
737 3108 761 3155 d.
775 3103 916 3169 praedito.
930 3103 1032 3169 predita,
1044 3120 1061 3154 a
1073 3102 1213 3168 (Murbacr)
1226 3145 1259 3154 .-

137 3166 202 3218 alr'as
212 3170 325 3236 rmioner,
336 3173 361 3221 T
372 3169 500 3235 (Murbac.
512 3178 538 3221 et
553 3173 610 3221 cod.
621 3172 687 3221 Bud.
699 3173 798 3222 deesse
814 3186 839 3235 p.
852 3169 924 3234 614.)
942 3213 974 3223 ..
996 3180 1132 3233 ortmtutur,
1143 3174 1261 3222 Murbac.

138 3244 165 3286 et
180 3239 245 3288 alins
257 3240 315 3289 cod.
326 3240 391 3288 Bud.
414 3237 476 3288 hosti
489 3246 517 3286 at
527 3238 602 3299 siout,
614 3239 698 3288 Rhen.
719 3237 824 3288 inuuere
836 3247 862 3290 ct
872 3247 1024 3302 ostentaturo,
1035 3241 1101 3291 Bud.
1119 3247 1146 3286 ut
1156 3255 1202 3286 nou
1209 3255 1260 3302 pu·

138 3302 239 3353 dereris
250 3306 306 3369 epra
316 3304 360 3354 illu
372 3305 465 3369 repione
476 3305 630 3356 Nomentano
642 3312 672 3354 tr.
680 3322 716 3368 p.,
727 3306 795 3356 Pint.

172 3370 240 3430 §52
259 3372 465 3434 ecubd,Murbac.
484 3413 516 3421 -
534 3371 627 3433 culleos,
640 3375 702 3423 aed.
721 3373 787 3423 Item
798 3373 872 3424 infra.
891 3415 924 3424 -
941 3373 984 3438 Ar,
995 3377 1026 3437 Τ.
1044 3414 1075 3424 ..
1096 3369 1155 3420 Octo
1165 3371 1193 3420 in
1206 3373 1257 3420 ori-

137 3438 246 3501 ginibus.
263 3441 297 3488 V.
309 3441 392 3488 Varro
404 3443 436 3490 dc
446 3454 474 3488 re
485 3447 547 3488 rust.
560 3440 581 3489 1.
594 3443 618 3499 2,
633 3443 654 3490 ⁷.
673 3480 705 3489 -
724 3438 835 3501 lesborem,
845 3442 934 3492 Dalec.
962 3484 967 3489 .

171 3508 240 3570 553.
260 3506 339 3570 penite
355 3513 393 3567 ut,
409 3508 434 3557 d.
459 3505 577 3570 penitere,
594 3522 629 3556 ac
646 3504 795 3570 (Murbac.)
820 3517 944 3573 generato,
961 3511 1044 3560 Rhen.
1071 3547 1104 3557 ..
1128 3505 1258 3570 Humanas,

138 3573 230 3639 Odyss.
243 3588 260 3636 ι,
274 3575 331 3623 197.
354 3613 386 3623 .-
413 3581 445 3635 ut,
458 3576 520 3624 aed.
539 3616 571 3624 -
593 3579 808 3638 praeterquem,d.
831 3584 930 3640 praeter
942 3575 1046 3641 quoda.
1068 3582 1221 3640 preterquam,
1234 3590 1257 3625 c.

133 3649 282 3705 praeterque,
293 3642 359 3692 Pint.
379 3683 411 3694 ..
425 3643 590 3706 pervenientis,
600 3660 623 3693 a.
641 3684 674 3693 -
691 3643 817 3705 Humana,
827 3645 919 3710 Odyas.
931 3660 948 3707 ι,
961 3649 1019 3696 203.

171 3712 239 3775 554.
257 3710 282 3759 in
298 3708 387 3770 eedem,
403 3713 467 3760 aod.
494 3710 576 3759 eadem
591 3709 624 3772 in,
640 3707 690 3777 βγ.
717 3753 749 3762 ..
777 3711 895 3776 riporque,
915 3706 1005 3763 and.
1030 3710 1151 3776 piperque,
1167 3705 1197 3772 β.
1224 3751 1256 3761 -

136 3778 261 3842 cctoqeuic,
277 3772 394 3828 &Tacd
417 3779 511 3841 octouir,
523 3781 597 3829 codd.
608 3779 722 3840 Barbari,
733 3775 763 3841 β.
787 3820 819 3828 -
842 3781 961 3844 comperit,
974 3796 997 3830 a
1020 3819 1052 3829 ..
1070 3778 1256 3842 praeeea,Pint

137 3885 168 3894 -
187 3846 313 3906 Homerus,
325 3843 398 3896 Iliad.
411 3842 434 3908 l,
448 3853 505 3898 633.
524 3886 554 3895 -
574 3847 703 3911 Zruyruue
716 3849 779 3897 acd.
798 3845 924 3912 Smyrnae,
934 3844 988 3914 βγ.
1006 3888 1039 3897 -
1060 3845 1179 3910 reliyt'orre,
1191 3847 1256 3894 aed.

171 3916 239 3975 §⁵5.
249 3914 310 3979 suit.
328 3912 581 3975 Alicuianno,Hard.
595 3914 656 3978 suit.
678 3914 803 3978 Opimiano
806 3915 868 3978 fuit,
880 3917 947 3966 Pint.
969 3957 1002 3965 ..
1030 3914 1164 3976 baritana
1190 3912 1256 3960 borri-

138 3979 194 4039 tuti‚
207 3984 249 4031 cd.
276 3981 399 4043 bonitatis,
415 3984 488 4033 codd.
507 3981 615 4033 Salmas.
633 3997 715 4032 exerc.
731 3986 827 4046 psal.
844 3984 869 4033 1).
887 3983 919 4034 G.
945 4024 978 4033 -
1006 3983 1112 4032 tribunus
1124 3979 1257 4046 plebemt

136 4041 224 4106 (codd.
237 4046 307 4110 (iel.)
330 4048 459 4113 tripliciter,
472 4065 513 4100 ac.
535 4051 648 4100 Plinium
660 4057 690 4101 tr.
699 4049 791 4114 plebem
802 4049 926 4112 irfirlioiter
937 4051 1066 4114 scripsisse
1077 4051 1205 4100 existimo.
1224 4089 1256 4098 -

136 4120 262 4176 cocturam,
275 4117 365 4167 Tacd.
384 4133 454 4180 quam
464 4120 589 4180 coctarum,
598 4113 649 4183 βγ.
663 4158 695 4167 ..
712 4115 912 4180 ΒΟΧΧΧΙΠ,
922 4121 945 4168 d.
963 4115 1178 4178 DCXXXIIII,
1187 4111 1256 4177 acss.

136 4221 169 4230 ..
192 4179 346 4245 Durantque,
359 4185 452 4235 Sabell.
478 4185 694 4248 Durutque,acd.
717 4227 749 4236 ..
775 4183 995 4235 adhuc-reducta
1010 4202 1060 4236 om.
1078 4200 1100 4235 e.
1119 4199 1152 4234 .·
1177 4183 1257 4246 einen,

135 4251 179 4303 ad.
200 4289 230 4298 ..
249 4248 305 4311 vini,
317 4267 339 4301 a.
359 4293 389 4302 -
408 4261 501 4316 queant,
513 4256 578 4303 aad.
596 4261 689 4315 queunt,
702 4255 775 4304 codd.
786 4254 900 4316 Barbari,
912 4249 962 4318 βγ.
981 4296 1012 4304 -
1031 4253 1110 4302 aiuon
1118 4251 1257 4317 pernecatg
