2896 4800
337 277 408 325 ara.
423 279 458 324 x·
487 275 565 324 car.
581 276 834 324 xxm-xxxo,
865 276 962 324 sacr.
977 278 1067 322 aasz.
1199 262 1261 327 919

144 429 305 495 exoriente
331 428 407 493 sirio
438 426 598 493 occultata
626 424 667 490 ab
699 448 817 493 occasu
845 426 991 493 eiusdem
1018 429 1142 514 prodit,
1174 430 1262 514 quod

142 530 304 607 miremur,
325 529 405 614 ipsis
428 527 542 594 diebus
564 537 747 613 utrumque.
770 525 924 593 Chlorion
937 549 1076 614 quoque,
1097 530 1153 613 qui
1175 541 1262 596 totus

142 640 192 695 est
204 631 320 709 luteus,
331 630 436 695 hieme
450 650 515 694 non
528 628 619 694 visus
634 629 719 694 eirca
735 629 871 695 solstitia
884 629 1038 716 procedit.
1060 629 1182 696 XXX.
1192 632 1264 697 Me-

142 731 231 797 rulae
258 731 342 796 circa
369 727 527 815 Cyllenen
554 729 718 796 Arcadiae
748 752 810 798 neo
841 752 977 815 usquam
1004 730 1080 797 alibi
1108 730 1263 798 candidae

141 843 329 898 nascuntur.
371 829 440 896 Ibis
467 830 553 895 circa
580 829 748 898 Pelusium
779 842 903 897 tantum
930 832 1024 920 nigra
1049 843 1115 912 est,
1148 833 1263 900 ceteris

84 924 86 928 ⁸
142 933 291 998 omnibus
311 932 390 997 locis
416 932 563 998 candida.

184 1031 322 1098 XXXI.
353 1034 407 1099 46.
439 1030 578 1098 Oscines
604 1042 734 1120 praeter
760 1044 913 1121 exceptae
940 1055 1006 1100 non
1032 1045 1151 1101 temere
1177 1036 1262 1102 fetus
1276 1051 1308 1098 ss

141 1134 263 1199 iaciunt
283 1143 358 1200 anto
379 1134 617 1219 aequinoctium
638 1155 774 1204 vernum
795 1145 852 1201 aut
872 1146 947 1221 post
967 1137 1163 1216 autumnale,
1190 1147 1263 1203 ante

142 1235 313 1301 solstitium
333 1247 440 1301 autem
457 1235 589 1315 dubios,
611 1245 688 1322 post
710 1236 881 1302 solstitium
902 1236 1018 1302 vitalis.

183 1335 341 1402 XXXII.
374 1339 425 1402 47.
457 1336 507 1403 Eo
528 1358 678 1403 maxume
705 1348 781 1403 sunt
806 1337 953 1424 insignes
978 1338 1165 1424 halcyonem
1193 1339 1262 1406 dies
1275 1353 1308 1400 so

143 1460 254 1504 earum
274 1449 386 1526 partus
407 1438 508 1504 maria
529 1439 649 1524 quique
670 1438 825 1528 navigant
842 1461 971 1506 novere.
992 1440 1069 1527 Ipsa
1084 1443 1152 1507 avis
1166 1441 1263 1528 paulo

141 1540 279 1626 amplior
298 1563 440 1627 passere,
464 1541 570 1607 colore
592 1561 713 1625 cyaneo
728 1563 770 1606 ex
786 1551 878 1627 parte
891 1541 1021 1621 maiore,
1043 1552 1169 1607 tantum
1182 1565 1262 1630 pur-

141 1642 250 1727 pureis
270 1652 305 1708 et
325 1642 469 1709 candidis
490 1641 644 1708 admixtis
664 1642 782 1727 pinnis,
814 1643 894 1709 eollo
916 1643 1028 1730 gracili
1055 1665 1094 1710 ao
1115 1665 1262 1729 procero.

140 1743 289 1809 Alterum
320 1765 423 1832 genus
455 1765 566 1810 earum
596 1743 819 1831 magnitudine
848 1743 1057 1830 distinguitur
1088 1755 1122 1810 et
1147 1755 1262 1822 cantu;

141 1844 279 1910 minores
299 1845 334 1910 in
361 1845 583 1912 harundinetis
605 1855 733 1910 camum
770 1843 974 1929 Halcyonem
999 1844 1108 1909 videre
1134 1844 1262 1910 rarissi-
1276 1859 1309 1905 so

141 1967 229 2009 mum
250 1955 380 2011 estnec
400 1947 464 2011 nisi
484 1946 691 2034 vergiliarum
713 1968 829 2012 occasu
856 1955 889 2012 et
916 1945 1002 2010 circa
1027 1944 1164 2009 solstitia
1184 1944 1262 2011 bru-

141 2067 276 2126 mamve,
304 2068 387 2112 nave
413 2048 584 2131 aliqnando
607 2046 833 2113 circumvolata
860 2044 968 2110 statim
988 2044 1023 2108 in
1043 2043 1183 2110 latebras
1204 2045 1263 2112 ab·

141 2157 280 2225 euntem.
321 2146 495 2213 Fetificant
518 2147 650 2224 bruma,
681 2147 737 2231 qui
766 2147 834 2212 dies
862 2144 1068 2229 halcyonides
1097 2155 1263 2226 vocantur,

136 2224 267 2332 plaudo
286 2249 369 2312 mari
389 2270 448 2332 per
473 2268 529 2312 eos
551 2255 585 2311 et
605 2246 790 2332 navigabili,
817 2244 929 2312 Siculo
950 2267 1115 2325 maxume,
1142 2247 1263 2312 faciunt

141 2357 250 2413 autem
271 2357 394 2433 septem
414 2359 488 2413 ante
509 2347 657 2413 brumam
678 2346 792 2412 diebus
813 2347 905 2414 nidos
928 2357 960 2413 et
975 2347 1109 2413 totidem
1123 2369 1262 2433 sequen-

142 2448 227 2515 tibus
248 2447 389 2534 pariunt.
416 2447 493 2514 Nidi
515 2471 626 2515 earnm
646 2446 891 2514 admirationem
910 2449 1031 2516 habent
1050 2449 1136 2537 pilae
1157 2450 1263 2538 figura
1276 2464 1307 2509 91

141 2552 274 2639 paulum
296 2550 460 2629 eminenti,
482 2571 536 2617 ore
557 2569 712 2639 perquam
734 2560 885 2640 angusto,
907 2552 1078 2638 grandium
1100 2572 1261 2642 spongea-

139 2676 212 2718 rum
233 2652 439 2720 similitudine
445 2679 454 2733 3
476 2655 560 2721 ferro
581 2653 731 2720 intercidi
753 2675 818 2720 non
833 2663 966 2738 queunt,
988 2653 1182 2742 franguntur
1195 2656 1264 2722 ictu

174 2858 239 2920 §aa
256 2857 304 2922 Eo,
315 2861 340 2911 R
351 2859 492 2925 (Murbac)
508 2861 545 2911 Et
555 2878 589 2923 eo,
601 2863 654 2914 Τὰ.
673 2863 706 2913 V.
717 2863 826 2916 Aristot.
837 2865 856 2914 1.
868 2865 886 2914 l.
900 2869 923 2925 5,
936 2869 959 2914 8.
971 2878 996 2927 p.
1010 2860 1078 2913 542¹>
1090 2868 1114 2913 4.
1132 2902 1165 2912 ..
1183 2860 1264 2911 moria

140 2927 233 2992 quique,
243 2930 291 2979 Rd
302 2926 442 2993 (Murbac.)
465 2929 507 2992 qui
517 2928 596 2978 mario
607 2945 705 2993 quoque,
717 2946 736 2980 r.
759 2969 792 2981 ..
814 2928 898 2993 sobre,
911 2946 963 2981 om.
975 2931 1012 2980 (1¹.
1036 2970 1068 2979 ..
1090 2944 1263 2994 apuam-ma·

482 3021 509 3050 aa
560 3014 578 3050 u

140 3059 232 3122 iore,R
243 3056 291 3122 (1).
308 3077 382 3128 mone
393 3079 409 3111 n
438 3078 471 3110 ua
483 3022 593 3124 mamre,
605 3066 629 3113 d.
652 3070 752 3128 moneto
762 3070 899 3127 exportans
917 3062 1000 3124 talare,
1015 3063 1130 3115 Mnrbac.
1153 3104 1185 3114 ..
1204 3077 1264 3126 prr·

138 3131 412 3191 pannoniensis
453 3126 594 3193 (Murbec.)
607 3145 740 3194 purpuras,
752 3131 777 3180 d.
790 3171 822 3180 ..
836 3128 947 3194 pallidis,
958 3132 1027 3181 Pint.
1039 3169 1072 3180 ...
1083 3122 1264 3190 admonito

144 3193 285 3260 (Murbac.)
296 3212 322 3262 γ.
340 3196 468 3259 aduam,
481 3199 506 3247 d.
523 3197 555 3247 In
566 3198 690 3262 scriptura
700 3199 806 3261 volgata
818 3199 845 3248 h.
857 3198 875 3248 l.
888 3213 942 3248 esse
953 3198 1028 3261 plura
1039 3204 1159 3261 corrupta
1170 3200 1264 3248 docent

139 3266 258 3314 codicum
274 3266 408 3330 lectiones3
426 3281 512 3316 avaro
529 3280 608 3330 prope
620 3268 692 3317 abest
707 3267 805 3328 Rham,
823 3266 867 3329 qui
883 3266 986 3329 corrigit
1001 3281 1092 3330 maneo
1108 3271 1131 3312 ct
1145 3280 1175 3312 en
1193 3270 1264 3328 porta

138 3331 251 3382 interiore
266 3340 282 3385 t.
296 3351 431 3399 purpureo,
446 3335 492 3384 ubi
503 3334 567 3385 illud
579 3350 609 3383 er
615 3342 688 3398 parte
699 3333 811 3384 interiore
822 3334 930 3385 fortasse
941 3335 1010 3383 idem
1021 3348 1076 3384 esso
1086 3332 1180 3395 voluit,
1193 3331 1264 3396 quod

138 3400 166 3450 in
178 3401 254 3451 simili
266 3404 434 3468 descriptione
450 3405 518 3467 599.
536 3404 626 3454 dicitur
641 3402 710 3453 intua
736 3404 775 3456 At
790 3419 849 3454 cnm
865 3404 941 3454 huius
955 3403 994 3454 rei
1013 3402 1083 3466 apud
1098 3401 1263 3453 Aristotelem

138 3470 211 3518 nulla
222 3471 255 3519 sit
265 3472 369 3531 mentio,
382 3472 447 3520 mihi
456 3471 614 3522 scribendum
625 3472 735 3522 videtur:
747 3488 838 3536 manea
849 3479 873 3520 et
884 3488 913 3520 ex
920 3478 993 3536 porte
1005 3469 1093 3519 minore
1105 3476 1195 3518 tonmm
1203 3484 1263 3532 pur·

137 3550 226 3598 pareo,
241 3534 285 3583 red
299 3536 408 3586 candidis
423 3537 533 3587 adazma
545 3539 636 3601 poncia
658 3540 693 3590 Et
709 3538 829 3589 admistas
844 3539 947 3605 quidem
964 3554 1023 3589 cnm
1039 3539 1151 3588 ablativo
1174 3539 1263 3587 eadem

139 3602 237 3652 ratione
249 3603 411 3665 coniungitur
422 3613 451 3654 ut
462 3608 530 3667 apud
540 3608 640 3656 Lueret.
653 3614 686 3667 4,
700 3614 774 3657 1243.
795 3607 875 3672 Aspre
892 3605 1036 3656 odmncetur
1051 3603 1159 3652 muliebri
1177 3601 1263 3651 semme
1346 3645 1354 3662 ,

139 3683 216 3718 marea
228 3676 254 3718 et
263 3669 343 3719 Cicer.
356 3671 386 3718 de
397 3678 449 3719 nat.
461 3675 529 3720 deor.
541 3671 576 3721 IL
587 3679 627 3734 10,
637 3679 678 3725 27.
696 3690 740 3723 aer
751 3673 822 3722 multo
833 3673 912 3722 calore
924 3671 1051 3721 admwsa
1069 3671 1188 3721 Ceterum
1200 3669 1263 3718 haec

139 3737 247 3801 sumpsit
263 3737 329 3787 Plin.
346 3751 379 3787 ex
394 3737 501 3787 Aristot.
518 3739 669 3790 histanim.
687 3747 715 3801 9,
733 3741 844 3792 rainit.
870 3780 902 3790 ..
928 3738 1046 3799 Alteram,
1058 3754 1083 3788 v.
1094 3738 1202 3787 Aristet.
1214 3737 1232 3786 l.
1244 3736 1262 3787 1.

139 3811 163 3867 9,
175 3811 200 3855 9.
212 3820 237 3870 p.
251 3803 319 3856 59³1)
332 3810 356 3855 8.
375 3827 407 3854 ¹..
425 3811 449 3852 et
459 3811 537 3866 cunm,
549 3806 614 3856 Rdt
632 3815 655 3855 et
665 3815 762 3869 canunt,
775 3809 813 3859 d2.
830 3822 873 3855 aec
885 3813 978 3868 canunt,
989 3806 1058 3857 Pint.

172 3893 240 3955 ξ90.
266 3887 414 3955 Halyatte,
430 3889 462 3940 Τ.
488 3888 522 3939 V.
538 3888 645 3939 Aristot.
660 3891 679 3941 1.
695 3892 713 3940 1.
732 3897 759 3952 5,
777 3898 800 3942 9.
817 3906 842 3954 p.
856 3887 922 3940 5421>
935 3896 977 3940 21.
1003 3931 1036 3940 ..
1063 3889 1210 3951 lobdrbffl.
1229 3931 1261 3941 ..

137 3959 247 4009 mamma.
263 3961 336 4009 Pone
352 3959 420 4008 hanc
435 3971 525 4007 vocem
541 3957 655 4006 inserunt
669 3959 744 4008 verba
759 3957 790 4007 In
806 3955 903 4021 reliquis
911 3958 1023 4021 parabata
1034 3966 1069 4008 est
1080 3957 1172 4022 quidem
1184 3958 1262 4009 midas

135 4024 251 4090 pelopum
262 4024 368 4077 Siculam
380 4025 459 4089 utique
471 4021 600 4088 (emaque,
612 4021 677 4087 Ra)
690 4023 814 4074 accubita
824 4020 903 4087 Rufi,
917 4042 983 4091 quse
995 4043 1053 4078 cnm
1064 4027 1224 4090 Pinafflnc.
1235 4041 1261 4093 γ.

137 4095 193 4144 Ian.
205 4109 307 4159 quoqne
317 4095 344 4144 in
355 4101 438 4144 nuntt.
450 4094 525 4144 litter.
537 4094 641 4144 Monac.
656 4099 729 4145 lese.
740 4109 778 4144 nr.
792 4096 849 4144 167.
861 4108 886 4157 p.
898 4099 956 4145 291.
969 4097 1080 4148 damnat

173 4173 242 4236 §91-
268 4175 397 4241 lammd.
413 4177 718 4240 v.Aristot.L1.s„14.
745 4219 777 4230 ..
799 4177 968 4244 paululum,d.
990 4223 1021 4234 -
1048 4180 1259 4243 amantiores„

139 4242 294 4308 eminentiore,
307 4242 358 4309 ᾱβ.
378 4288 409 4299 ..
426 4261 514 4313 spuma
526 4261 615 4311 earum,
627 4246 683 4300 ild.
701 4287 732 4300 ..
754 4245 922 4314 amalacitae,
933 4247 1023 4303 Dalsc.
1042 4291 1071 4303 ..
1092 4248 1239 4314 111σίᾱί,Τά
