2896 4800
348 283 419 332 nus.
435 284 483 331 x1.
512 283 591 331 cer.
607 282 828 332 xum-mv.
851 282 950 333 onor.
965 283 1068 330 a-ioo.
1205 266 1267 333 ³17

188 437 239 503 99.
270 436 378 525 Digiti
392 434 584 522 quibusdam
605 435 639 500 in
660 435 815 525 manibus
831 435 917 513 seni3
946 432 985 501 Ο.
1007 433 1123 499 Horati
1145 456 1187 500 ex
1208 454 1268 521 ps·
1281 452 1332 497 aaa

145 538 237 605 tricia
258 549 355 628 gente
376 537 458 604 filias
486 537 569 603 duas
590 536 632 603 ob
652 533 691 601 id
710 534 875 626 Sedigitas
896 535 1071 623 accipimus
1091 537 1270 623 appellatas

144 651 178 706 et
198 639 383 707 Volcatium
410 636 595 726 Sedigitum
621 638 790 704 inlustrem
818 638 853 704 in
880 639 1015 724 poetica.
1044 636 1194 703 Hominis
1215 638 1268 704 di·

144 741 206 829 giti
226 751 334 807 ternos
355 740 504 807 articulos
525 740 657 819 habent,
679 740 788 827 pollex
808 738 902 805 binos
923 749 956 805 et
977 738 1087 826 digitis
1113 739 1269 805 adversus

144 843 304 908 universis
325 841 481 920 flectitur,
503 862 564 926 per
585 863 620 907 se
642 863 720 907 vero
740 841 775 907 in
795 840 958 925 obliquom
971 840 1157 926 porrigitur,
1178 863 1269 911 orsa

146 944 211 1009 sior
234 942 349 1009 ceteris
355 967 365 1020 3
387 942 464 1008 huic
484 942 647 1007 minumus
670 963 821 1007 mensura
841 963 902 1028 par
915 963 953 1009 so
975 940 1039 1006 duo
1059 941 1174 1027 reliqui
1195 941 1269 1020 sibi,

146 1045 230 1111 inter
250 1065 332 1129 quos
353 1043 479 1110 medius
500 1042 687 1133 longissime
708 1043 919 1128 protenditur.
944 1040 1072 1123 Quibus
1093 1066 1135 1108 ex
1155 1043 1270 1130 rapina

145 1146 263 1222 vietus
279 1144 526 1231 quadripedum,
558 1145 650 1230 quini
679 1144 775 1232 digiti
800 1144 835 1209 in
863 1143 1023 1231 prioribus
1049 1143 1202 1229 pedibus,
1234 1144 1270 1210 in

146 1246 278 1332 reliquis
298 1246 457 1331 quaterni.
479 1245 621 1325 Leones,
643 1245 723 1332 lupi,
747 1268 843 1312 osnes
864 1254 898 1311 et
918 1267 1021 1332 pauca
1034 1243 1069 1310 in
1082 1245 1269 1329 posteriori·
1282 1248 1332 1308 ais

146 1349 208 1418 bus
236 1371 365 1434 quoque
392 1347 509 1434 quinos
531 1347 650 1434 unguis
671 1347 803 1426 habent,
830 1370 932 1412 unum
953 1346 1044 1412 iuxta
1066 1345 1170 1412 cruris
1191 1347 1270 1412 arti·

146 1453 254 1518 culum
280 1450 536 1536 dependentem
570 1449 694 1534 reliqua
723 1470 805 1533 quae
840 1457 916 1515 sunt
940 1447 1065 1513 minora
1092 1459 1124 1514 et
1150 1448 1270 1538 digitos

146 1553 271 1637 quinos.
292 1551 450 1618 Bracchia
470 1574 534 1617 non
556 1549 706 1617 omnibus
728 1550 819 1636 paria
840 1572 967 1626 secum3
991 1550 1137 1616 studioso
1151 1550 1270 1617 Threci

144 1653 180 1718 in
203 1651 243 1719 Ο.
266 1651 415 1720 Caesaris
437 1653 514 1720 ludo
536 1663 649 1719 notum
664 1662 714 1719 est
735 1653 900 1719 dexteram
922 1652 1024 1718 fuisse
1044 1651 1270 1739 proceriorem.

144 1752 341 1822 Animalium
360 1754 519 1840 quaedam
547 1764 585 1819 ut
604 1753 754 1819 manibus
774 1764 910 1819 utuntur
929 1754 1073 1841 priorum
1094 1753 1271 1819 ministerio

145 1857 265 1943 pedum
286 1857 462 1941 sedentque
484 1855 527 1921 ad
546 1877 584 1920 os
604 1854 668 1920 illis
690 1855 895 1922 admoventia
916 1855 1016 1934 cibos,
1038 1864 1076 1919 ut
1096 1855 1206 1920 sciuri.

190 1956 320 2024 XLIV.
350 1958 423 2022 100.
461 1954 547 2021 Nam
580 1955 743 2021 simiarum
776 1978 896 2042 genera
926 1955 1101 2041 perlectam
1133 1956 1270 2023 hominis
1283 1969 1333 2016 ass

145 2057 357 2124 imitationem
369 2058 534 2125 continent
548 2057 643 2135 facie,
657 2056 801 2134 naribus,
823 2057 967 2135 auribus,
989 2057 1163 2144 palpebris,
1186 2079 1271 2143 quae

147 2160 232 2227 solae
253 2159 487 2246 quadripedum
508 2168 540 2224 et
560 2159 595 2224 in
607 2158 759 2225 inferiore
772 2158 893 2223 habent
906 2180 1005 2244 gena3
1028 2158 1093 2223 iam
1113 2180 1272 2226 mammas

145 2260 180 2324 in
201 2272 331 2346 pectore
353 2271 386 2326 et
407 2260 612 2326 bracchiaet
634 2283 730 2327 crura
750 2260 784 2324 in
799 2260 993 2326 contrarium
1009 2260 1153 2328 similiter
1174 2259 1268 2340 flexa,

146 2361 182 2425 in
208 2361 357 2427 manibus
378 2360 508 2448 unguis,
536 2361 654 2448 digitos
674 2360 915 2450 longioremque
941 2360 1093 2426 medium.
1125 2360 1270 2428 Pedibus

147 2462 281 2547 paulum
302 2463 474 2539 differunt3
499 2473 576 2528 sunt
597 2463 682 2530 euim
702 2475 741 2528 ut
760 2485 875 2528 manus
889 2462 1066 2550 praelongi,
1089 2462 1148 2528 sed
1168 2462 1270 2529 vcsti-

146 2565 237 2652 gium
265 2565 393 2651 palmae
419 2565 523 2631 simile
552 2564 685 2631 faciunt.
716 2564 832 2631 Pollex
857 2586 985 2649 quoque
1010 2563 1061 2631 his
1087 2574 1122 2631 et
1141 2563 1269 2631 articuli

146 2674 183 2731 ut
210 2665 341 2746 homini,
371 2689 409 2733 ao
435 2680 564 2752 praeter
592 2665 744 2755 genitale,
772 2676 805 2732 et
830 2666 893 2732 hoc
913 2665 949 2730 in
968 2664 1111 2735 maribus
1132 2675 1267 2744 tantum,

146 2765 270 2833 viscera
291 2767 389 2835 etiam
408 2769 562 2838 interiora
583 2768 691 2835 omnia
712 2768 754 2837 ad
775 2769 949 2855 exemplar.

179 2972 266 3034 §soe
291 2975 350 3040 seni,
361 2979 394 3028 R.
419 2976 489 3038 asim,
500 2976 525 3026 d.
552 3014 584 3026 ..
613 2971 640 3026 0.
650 2974 759 3037 Horatii,
771 2977 844 3026 codd.
855 2975 935 3026 Hasd.
964 2973 1060 3034 Oorati,
1071 2975 1103 3026 T.
1133 2973 1230 3036 Coraci,
1241 2975 1266 3025 d.

145 3055 233 3103 coram,
245 3044 278 3093 R.
295 3043 334 3093 M.
350 3040 459 3105 Germani,
471 3038 500 3104 β.
518 3080 551 3092 ...
568 3041 696 3105 accipimus
707 3041 856 3106 appellatas,
872 3043 955 3094 RTd.
976 3039 1112 3104 appellatas
1127 3041 1267 3105 accepimus,

144 3101 195 3170 βγ.
223 3148 255 3158 ..
282 3116 316 3172 et,
332 3126 383 3160 om.
402 3111 426 3160 d.
452 3151 484 3160 ..
513 3116 590 3157 ternos
605 3107 719 3157 articulos
734 3107 827 3171 labent,
839 3108 876 3158 ita
887 3109 1032 3172 scripsimus
1044 3123 1077 3157 ex
1087 3107 1120 3168 R,
1133 3109 1177 3171 qui
1190 3115 1268 3156 ternos

146 3174 224 3224 oealm
234 3174 321 3226 latent
332 3179 416 3229 babet.
434 3173 548 3226 orticolas
559 3174 647 3224 labent
658 3182 742 3237 tanos,
754 3170 827 3241 (Ιβγ.
839 3216 871 3226 ..
884 3183 907 3225 ct
917 3175 942 3223 in
954 3172 1040 3239 digitos
1052 3172 1164 3223 adrerm
1174 3174 1267 3223 anioa-

145 3239 310 3306 simstectitar,
322 3246 401 3296 Hand.
420 3285 452 3296 ..
468 3261 514 3308 per
524 3259 549 3292 se
559 3258 622 3305 vero,
635 3244 659 3293 d.
674 3259 792 3306 perverso,
803 3244 836 3294 R.
854 3282 887 3294 ...
907 3258 958 3307 par
969 3259 1006 3304 ac,
1017 3243 1050 3293 R.
1069 3257 1152 3305 pares,
1164 3243 1189 3291 d.
1208 3240 1269 3305 pari
1329 3259 1336 3269 ·

145 3316 188 3372 est,
199 3327 219 3362 r.
235 3327 284 3375 par
295 3319 336 3375 est,
348 3309 399 3379 βγ.
417 3354 449 3364 ..
467 3312 492 3362 in
504 3310 611 3377 reliqqsis,
622 3311 654 3362 R.
672 3309 777 3375 reliquis,
789 3305 863 3377 ᾶβγ.

179 3414 194 3475 ς
207 3418 266 3468 245.
285 3429 381 3478 unques,
391 3415 423 3465 R.
442 3412 521 3479 linces,
534 3412 611 3466 STd.
628 3413 715 3464 Mults
726 3413 753 3464 in
764 3414 806 3465 his
817 3421 900 3465 mutat
911 3415 987 3476 Pint.,
998 3412 1036 3463 uti
1048 3411 1153 3464 Gesner.
1166 3425 1216 3475 quo
1234 3423 1267 3460 ne

145 3477 204 3528 bist.
217 3481 292 3530 anim.
307 3488 330 3541 1,
344 3486 400 3532 576.
414 3489 471 3533 636.
485 3485 516 3532 de
528 3483 671 3545 corruptela
682 3483 732 3532 loci
743 3497 796 3533 non
808 3484 914 3534 dubitat.
933 3523 965 3533 ..
983 3496 1061 3542 anan,
1073 3480 1104 3531 R
1128 3495 1182 3540 nno,
1194 3425 1266 3543 dir.

145 3584 178 3593 ..
197 3542 369 3608 dependentem,
381 3550 417 3598 ita
427 3565 475 3599 nos
487 3551 639 3614 scripsimus.
664 3547 814 3613 dependente,
831 3546 932 3614 Reor.
956 3589 988 3598 ..
1011 3555 1045 3609 et,
1057 3548 1082 3596 R
1092 3540 1188 3597 orer.
1208 3546 1265 3596 Om.

144 3606 174 3671 β.
198 3652 229 3661 -
252 3628 341 3674 socam,
357 3614 411 3664 Rd.
435 3631 496 3677 esse,
512 3634 532 3666 r.
556 3657 588 3666 -
615 3615 709 3677 lbracs',
726 3619 853 3667 vetustiss.
869 3617 942 3668 Leid.
957 3616 1034 3665 Voss.
1051 3629 1092 3680 ap.
1106 3612 1221 3664 Oudend.
1233 3613 1267 3660 ad

145 3679 215 3730 Suet.
228 3678 283 3730 cal.
297 3685 337 3728 85.
360 3679 451 3741 Tleclls',
463 3685 487 3732 d.
509 3681 621 3742 Thraeci,
633 3683 665 3733 R.
695 3681 794 3745 Tlrucr',
807 3685 864 3732 cod.
877 3683 971 3733 Sabell.
982 3677 1034 3746 βγ.
1051 3721 1084 3730 ..
1109 3687 1195 3740 notam‚
1208 3680 1235 3728 h.
1247 3678 1265 3728 l.

145 3748 230 3812 inepte
242 3747 340 3808 dicitur,
352 3754 382 3797 ut
393 3755 498 3796 notatam
509 3750 647 3812 legendum
659 3764 713 3800 esse
724 3764 840 3800 censeam
852 3750 911 3800 coll.
926 3755 965 3812 10,
973 3755 1020 3800 ¹62.
1038 3789 1069 3797 ..
1092 3744 1221 3808 dexteram,
1232 3744 1265 3796 R.

145 3812 263 3878 dextram,
276 3816 291 3865 d
296 3809 319 3876 β
322 3828 348 3880 7.
367 3855 399 3864 ..
413 3814 581 3879 proceriorem,
594 3818 626 3867 R.
645 3856 678 3867 ..
695 3815 827 3880 eadamque,
839 3817 872 3866 R.

179 3913 194 3975 5
207 3921 265 3966 246.
282 3913 344 3977 Iam,
356 3917 424 3967 Pint.
437 3916 709 3968 ceommundum.
722 3917 781 3968 bist.
793 3919 870 3968 anim.
884 3923 912 3977 2,
930 3923 954 3969 8.
970 3932 995 3980 p.
1014 3922 1080 3967 502ιι
1093 3920 1133 3965 22.
1157 3954 1190 3965 ..
1212 3912 1265 3964 imi-

146 3981 256 4031 lationem
267 3983 298 4033 R.
320 3982 493 4044 similationem,
506 3985 559 4036 Td.
582 3983 762 4047 simulationem,
772 4001 794 4036 r.
817 4025 849 4036 ...
871 3986 1024 4047 quae,Rdr.
1047 3983 1164 4047 quaen.
1186 4021 1218 4032 ..
1240 3982 1265 4032 in

144 4047 265 4111 inferiore,
277 4053 301 4101 d.
319 4050 462 4115 inferlm,
475 4054 552 4105 RKr.
571 4092 604 4101 -
620 4067 691 4116 yena,
704 4054 728 4102 d.
745 4068 838 4117 penam,
850 4053 929 4103 RKr.
942 4092 974 4102 ..
992 4067 1055 4114 nam,
1067 4053 1091 4102 d.
1110 4091 1141 4100 ..
1160 4051 1265 4116 elstera,

145 4116 178 4192 R:
190 4156 223 4165 ..
235 4115 268 4176 in,
281 4133 332 4168 om.
346 4121 370 4170 d.
383 4161 415 4171 ..
424 4119 558 4186 praelongi,
570 4122 594 4170 d.
608 4118 763 4185 praelongae,
775 4119 876 4171 RSTr.
889 4160 922 4170 ..
936 4117 985 4182 scd,
997 4120 1051 4171 Rd.
1069 4126 1098 4181 ct,
1110 4119 1178 4169 Pint.
1189 4114 1219 4179 β.
1231 4156 1264 4168 ...

145 4179 190 4243 la,
202 4184 226 4233 d.
246 4182 296 4245 lise,
307 4185 340 4237 R.
363 4228 394 4238 ..
417 4187 540 4251 oraculas,
552 4189 583 4239 Τ.
606 4228 638 4238 ..
661 4195 796 4252 etpraeter,
809 4187 836 4240 S.
859 4228 892 4238 ..
916 4194 1002 4250 motas,
1013 4187 1038 4239 d.
1057 4225 1089 4239 ..
1107 4185 1228 4249 interiora,
1240 4188 1264 4237 d.

146 4256 259 4313 extrema,
270 4251 302 4301 R.
322 4292 353 4304 ..
372 4255 499 4321 exemplar,
512 4260 535 4308 d.
553 4252 731 4321 comples-iam,
742 4255 774 4308 1².
792 4253 907 4321 exempla,
919 4255 952 4306 T.
