2896 4800
452 281 522 328 rm.
534 281 594 328 xv.
619 280 696 327 ose.
708 280 731 326 1.
755 276 854 325 snos.
870 278 887 320 t.
901 277 920 320 r.
1181 259 1243 323 447

124 436 185 503 (ln.
208 433 344 521 Pompei
366 457 413 497 111.
441 433 607 498 consulatu
630 431 735 495 oleum
761 429 938 515 provinciis
958 427 1086 492 Italiam
1106 427 1243 493 misisse.

122 538 289 605 Hesiodus
316 557 444 622 quoque
471 535 506 598 in
533 532 647 619 primis
676 533 798 597 cultum
823 552 974 619 agrorum
996 529 1171 594 docendam
1193 551 1246 593 ar-

123 640 262 706 bitratus
289 638 388 703 vitam
414 635 547 724 negavit
574 633 662 699 oleae
692 642 831 698 satorem
851 632 991 697 fructum
1012 653 1054 695 cx
1074 652 1114 696 ea
1134 651 1246 715 perce·

123 742 211 829 pisse
233 749 443 823 quemquam
473 747 538 802 tam
564 736 655 800 tarda
684 744 761 800 tuno
785 755 838 799 res
866 743 952 809 erat3
979 741 1013 796 at
1038 751 1125 797 nuno
1150 731 1248 795 etiam

123 844 157 907 in
179 841 345 928 plantariis
368 848 480 906 serunt
501 839 791 922 translatarumque
813 836 913 904 altero
934 856 1016 900 anno
1031 833 1248 920 decerpuntur

124 940 234 1007 bacae.

168 1042 198 1105 2.
226 1040 391 1108 Fabianus
411 1054 509 1132 negat
535 1041 704 1130 provenire
725 1041 759 1107 in
778 1039 996 1128 fligidissimis
1017 1040 1120 1104 oleam
1141 1056 1278 1122 nequer

125 1144 160 1209 in
183 1142 394 1209 calidissimis.
432 1141 563 1210 Genera
585 1167 694 1208 earum
717 1142 779 1208 tria
801 1142 884 1207 dixit
904 1138 1083 1227 Vergilius,
1112 1139 1250 1205 orchites

128 1253 161 1309 et
181 1245 288 1310 radios
309 1254 342 1309 et
361 1244 480 1330 posiae,
502 1266 565 1311 nec
586 1244 769 1310 desiderare
790 1254 913 1308 rastros
934 1252 990 1306 aut
1003 1241 1095 1306 falcis
1109 1240 1250 1306 ullamve

126 1368 245 1411 curam.
282 1343 361 1411 Sine
388 1344 486 1412 dubio
513 1345 600 1410 etin
621 1344 673 1409 his
694 1344 798 1410 solum
817 1365 968 1409 maxume
990 1342 1176 1427 caelumque
1196 1363 1249 1407 re-

126 1448 205 1526 lert3
233 1458 453 1513 verumtamen
480 1455 513 1513 et
541 1446 714 1513 tondentur
740 1468 815 1512 cum
843 1455 875 1512 et
900 1446 1000 1524 vites,
1028 1453 1125 1530 atque
1154 1443 1251 1510 etiam

126 1547 281 1613 interradi
302 1549 455 1636 gaudent.
493 1545 705 1632 Consequens
733 1568 842 1612 earum
870 1546 1032 1612 vindemia
1059 1555 1109 1610 est
1134 1563 1279 1630 arsques

127 1649 179 1714 vel
199 1649 300 1714 maior
320 1648 426 1713 oleum
446 1670 544 1733 quam
564 1659 672 1713 musta
692 1647 908 1734 temperandi3
932 1670 973 1712 ex
994 1647 1107 1713 eadem
1128 1648 1251 1734 quippe

127 1749 212 1815 oliva
233 1749 387 1829 differimt
407 1748 487 1815 suoi.
508 1748 655 1814 Primum
674 1749 817 1814 omnium
839 1770 857 1814 e
878 1747 978 1813 cruda
998 1758 1094 1832 atque
1107 1749 1253 1813 nondum

126 1849 523 1924 inchoataematuritatis;
545 1848 607 1914 hoc
630 1869 745 1935 sapore
764 1847 1089 1933 praestantissimum
1118 1849 1198 1932 quin
1219 1861 1254 1916 et

128 1973 170 2015 ex
191 1972 229 2016 eo
250 1950 355 2036 prima
375 1949 463 2015 unda
482 1948 565 2034 preli
586 1949 806 2014 laudatissima
827 1971 865 2015 ac
886 1946 1002 2013 deinde
1023 1970 1082 2034 per
1103 1949 1251 2016 deminu-

129 2052 244 2129 tiones,
268 2050 336 2116 sive
357 2049 393 2114 in
414 2049 532 2137 sportis
553 2059 717 2136 prematur
738 2049 816 2128 sive,
839 2060 875 2114 ut
895 2071 998 2136 nuper
1011 2049 1177 2116 inventum
1192 2063 1252 2132 est,

130 2151 267 2217 exilibus
288 2150 410 2240 regulis
430 2151 515 2237 pede
534 2150 667 2215 incluso.
705 2148 835 2232 Quanto
861 2150 1014 2216 maturior
1041 2149 1133 2230 baca,
1164 2162 1282 2217 tantos

129 2251 283 2338 pinguior
312 2273 408 2317 sucus
439 2251 609 2335 minusque
634 2261 763 2339 gratus3
796 2260 929 2336 optuma
957 2260 1064 2316 autem
1094 2263 1184 2318 aetas
1210 2253 1254 2319 ad

130 2351 373 2438 decerpendum
393 2352 477 2417 inter
491 2352 620 2438 copiam
632 2350 881 2436 bonitatemque,
901 2351 1077 2438 incipiente
1099 2351 1180 2419 baca
1201 2355 1253 2418 ni-

131 2473 292 2540 grescere,
314 2474 411 2537 quam
431 2462 547 2519 vocant
561 2453 716 2539 druppas‚
740 2450 857 2519 Graeci
871 2476 950 2519 vero
965 2454 1164 2541 drypetidas.
1188 2454 1253 2523 Oe·

131 2563 201 2619 tero
228 2554 335 2632 distat,
364 2576 407 2619 an
432 2554 597 2620 maturitas
622 2554 678 2620 illa
698 2554 733 2620 in
754 2555 965 2622 torcularibus
992 2555 1049 2621 liat
1075 2580 1117 2621 an
1144 2558 1252 2636 ramis,

131 2655 226 2742 rigna
251 2655 348 2721 fuerit
374 2655 468 2721 arbor
494 2678 536 2721 an
562 2678 621 2722 sno
649 2664 772 2721 tantum
800 2655 882 2724 baca
903 2678 982 2724 suco
1001 2657 1144 2744 nihilque
1164 2657 1253 2724 aliud

132 2778 229 2842 quam
249 2780 339 2826 rores
360 2756 449 2825 caeli
461 2756 589 2824 biberit.

165 2967 217 3029 §a
237 2965 294 3026 Ga,
306 2981 330 3016 6.
339 3004 371 3016 ..
382 2965 490 3031 Pompei,
502 2983 525 3017 a.
542 2966 664 3031 Pompeio,
676 2970 718 3018 dr.
727 3007 760 3017 ..
772 2965 834 3029 tlt,
843 2968 919 3031 Pigh.
931 2971 1026 3020 annali·
1039 2976 1063 3032 3,
1076 2976 1133 3021 610.
1146 2978 1171 3022 66
1181 2970 1252 3023 clin-

131 3040 186 3082 ton.
198 3033 258 3083 festi
269 3034 371 3084 Hellen.
382 3033 433 3083 III.
445 3049 470 3098 p.
484 3039 541 3084 loa.
558 3032 625 3096 llll,
637 3030 709 3096 adst.
726 3034 819 3098 sopdae,
829 3051 849 3084 r.
868 3075 900 3083 ..
918 3052 988 3100 6666,
1000 3039 1046 3087 ad.
1070 3036 1200 3097 66666166.
1219 3079 1250 3088 -

131 3099 260 3162 Hesiodus,
275 3116 299 3149 v.
318 3099 463 3151 (16666616
475 3101 556 3151 diurn.
572 3102 651 3165 antiq.
670 3107 743 3152 1838.
759 3116 797 3151 nr.
815 3106 856 3152 65.
872 3117 898 3166 p.
916 3108 973 3153 533.
990 3120 1028 3163 nr.
1047 3109 1087 3154 66.
1104 3120 1129 3168 p.
1143 3111 1199 3155 569.
1219 3146 1251 3156 ..

131 3165 202 3228 vitoe,
214 3184 235 3218 r.
255 3208 287 3216 -
305 3182 455 3232 quamquam,
468 3185 491 3219 6
509 3209 541 3218 ..
560 3175 616 3230 aa,
628 3174 680 3220 om.
693 3183 716 3218 6.
734 3209 765 3219 ..
776 3168 870 3232 soant,
882 3184 906 3218 6.
924 3210 957 3220 -
975 3168 1107 3234 decerptam
1118 3172 1216 3234 arbone,
1228 3188 1252 3223 6.

165 3236 217 3298 §t
236 3233 323 3294 oleam,
338 3251 361 3286 6.
385 3276 417 3286 ..
446 3235 572 3300 Verque,
589 3251 651 3300 geor
670 3242 713 3297 .2‚
725 3242 766 3286 85.
790 3275 820 3286 ..
839 3233 934 3300 posim,
949 3240 995 3290 ad.
1014 3237 1128 3304 6666666,
1144 3234 1194 3303 βγ.
1218 3237 1250 3290 ’.-

123 3299 214 3365 fulcos,
235 3295 329 3354 Orac
344 3300 430 3366 (codd.
446 3301 517 3366 Gel.)
530 3302 632 3368 sulcen,
649 3251 679 3366 ἓ.
697 3343 729 3354 .-
752 3301 796 3367 tis,
813 3319 836 3353 a.
859 3301 898 3365 its,
914 3300 987 3371 ᾶβγ.
1005 3347 1038 3356 -
1059 3305 1154 3370 rme-ri,
1171 3322 1194 3357 6.
1217 3347 1249 3358 .-

130 3369 291 3432 attendeatur,
302 3372 336 3422 K.
354 3412 386 3420 -
405 3377 482 3434 utque,
494 3386 517 3421 6.

165 3435 181 3497 §
194 3445 217 3487 5.
235 3436 309 3487 oleum
326 3454 410 3502 qacm3
426 3439 476 3489 hoc
493 3455 526 3490 ex
541 3435 563 3500 β
578 3439 707 3502 revocavi,
725 3455 797 3501 cnm,
814 3440 911 3490 etiamsi
927 3455 995 3491 nova
1010 3441 1117 3492 andacia
1133 3457 1150 3490 6
1165 3442 1251 3492 Plinio

132 3502 180 3552 olei
193 3513 271 3552 masta
287 3505 337 3555 diei
352 3507 467 3568 velimus,
484 3514 569 3556 tamen
585 3510 618 3557 ds
630 3508 687 3557 oleo
700 3517 812 3558 mustum
828 3516 888 3572 apte
901 3509 949 3558 dici
961 3523 1013 3558 non
1024 3510 1111 3573 possit,
1129 3511 1189 3574 quis
1201 3511 1252 3560 olei

132 3571 184 3620 6616
200 3571 262 3633 qnid
277 3585 331 3620 non
346 3580 443 3633 exstat,
460 3575 529 3636 qnod
544 3575 608 3636 vini3
630 3575 707 3624 huius
723 3575 791 3624 enim
807 3584 920 3625 mustum
939 3575 1031 3635 temet,
1052 3580 1121 3641 qnod
1141 3592 1194 3627 non
1214 3584 1252 3628 est

132 3639 159 3686 in
176 3638 243 3687 oleo.
266 3636 409 3703 olei‚Td7.
433 3637 530 3699 61666.
554 3636 652 3699 (166,θ.
672 3682 702 3690 ..
721 3657 747 3702 6,
765 3642 847 3691 omitt.
865 3645 910 3692 ed.
928 3681 960 3692 ..
983 3643 1076 3705 soporis
1092 3642 1251 3708 praestantii-

132 3703 193 3766 oimi,
210 3721 230 3754 r.
248 3744 280 3753 -
303 3703 476 3769 deminutiones,
488 3721 505 3755 a
517 3705 604 3769 (codd.
619 3707 708 3757 Lsidd.
724 3723 765 3772 ap.
778 3708 895 3759 Oudend.
908 3711 941 3759 ad
954 3709 1023 3760 Suet.
1035 3709 1107 3760 Caes
1121 3709 1158 3774 5.)
1181 3709 1251 3760 climi-

133 3772 246 3831 nutiones,
263 3767 335 3835 dstr.
354 3812 386 3821 -
404 3771 429 3820 in
445 3773 533 3836 sportis
545 3781 669 3838 premam
684 3775 740 3834 666,
756 3776 782 3825 D
799 3777 832 3826 ad
849 3777 997 3840 marginem.
1021 3776 1110 3829 omitt.
1120 3774 1250 3844 Dadstn

132 3849 160 3891 at
170 3856 194 3890 v.
207 3839 307 3890 Colum.
320 3839 382 3890 ΧΠ.
396 3845 436 3901 56,
450 3847 489 3891 10.
508 3838 655 3905 6666696166,
670 3840 695 3889 si
709 3840 847 3892 6666666666
864 3843 909 3892 orit
924 3843 1034 3909 66666666,
1050 3852 1093 3893 out
1108 3852 1169 3895 certe
1184 3844 1253 3897 novis

125 3908 197 3971 fiscis
212 3922 323 3972 sampsao
338 3906 441 3971 exprimi
456 3905 544 3958 debent
572 3908 644 3970 Quos
662 3908 807 3960 Columella
821 3924 904 3962 novos
920 3913 996 3963 fiscos
1012 3913 1081 3974 dicit,
1098 3928 1141 3964 666
1152 3914 1252 3967 Plinius

133 3983 239 4039 6666666,
251 3983 277 4025 66
287 3982 358 4040 patet
368 3977 419 4025 iam
430 3975 547 4026 librarios
558 3977 591 4026 ab
602 3976 682 4026 altero
692 3975 741 4024 sivo
752 3980 786 4027 ad
797 3977 904 4028 ultorum
917 3980 997 4031 oeulis
1008 3982 1144 4039 oberrasse.

168 4044 183 4105 §
196 4049 219 4092 6.
238 4043 312 4092 bacco
322 4042 461 4108 cipreseas,
472 4047 497 4094 d.
521 4043 579 4092 bani
588 4058 697 4104 6666666,
708 4060 731 4094 6.
750 4085 782 4094 ..
805 4061 884 4108 qaam,
895 4048 942 4097 Di.
965 4063 1027 4110 qum,
1039 4050 1085 4099 D'.
1104 4064 1163 4112 cum,
1175 4050 1252 4101 Tacit

133 4105 227 4170 Nostri,
238 4105 290 4173 βγ.
309 4151 342 4160 ..
359 4110 531 4176 drappoqad.
555 4106 712 4176 dupoassr.
733 4151 762 4160 -
787 4110 805 4161 d
849 4111 933 4177 otides,
949 4107 977 4164 θ.
1000 4113 1145 4181 (impeditos,
1161 4133 1184 4168 s.
1203 4116 1252 4184 'dy-

134 4175 254 4238 spectitcs,
265 4178 290 4226 (1.
307 4175 427 4242 drypetas,
439 4174 491 4244 βγ.
508 4221 540 4230 ..
559 4177 640 4242 distot,
653 4180 677 4231 (1.
697 4177 794 4243 ds'stont,
835 4196 876 4232 ar.
895 4222 927 4232 ..
944 4198 977 4231 66
987 4196 1037 4248 sao,
1050 4185 1074 4234 d.
1092 4183 1215 4249 16666666,
1227 4191 1250 4242 a.

136 4283 167 4292 -
186 4249 274 4292 666666(
286 4242 336 4292 ado
346 4261 421 4309 66666,
431 4248 520 4299 Delec.
