2896 4800
346 281 416 328 mn.
430 279 504 327 xiv.
534 278 612 326 ose.
628 277 811 325 >nv-xvc
840 275 938 324 sacr.
955 278 1044 322 16-19.
1194 261 1259 326 433

137 446 187 502 est
207 433 273 501 vita
296 430 434 497 silvestri
456 431 543 514 quod
563 439 696 496 vocatur
709 427 952 504 oenanthinum
974 426 1069 494 flores
1083 430 1153 496 eius
1167 429 1258 497 libris

137 535 263 602 duabus
295 533 331 598 in
361 532 460 597 musti
492 530 572 597 cado
604 528 756 597 macerati
784 538 859 614 post
884 528 955 595 dies
982 551 1056 594 xxx
1084 542 1257 600 mutantur.

136 637 271 702 Praeter
302 633 365 699 hoc
396 632 490 699 radix
520 631 688 699 labruscae
717 640 751 697 et
778 629 863 696 acini
892 628 978 696 coria
1006 629 1193 715 perficiunt3
1225 634 1259 698 hi
1273 649 1304 693 oo

136 738 232 824 paulo
258 745 430 821 postquam
457 733 650 813 defloruere,
681 731 842 818 singulare
867 730 1047 798 remedium
1071 732 1192 798 habent
1217 735 1260 800 ad

135 836 372 924 refrigerandos
399 836 439 901 in
469 835 590 901 morbis
619 857 788 921 corporum
820 833 950 900 ardores
982 833 1194 920 gelidissima,
1223 846 1262 900 ut

135 940 253 1018 ferunt,
275 947 398 1004 natura.
420 935 504 1004 Pars
526 958 637 1004 eorum
657 946 758 1003 aestu·
771 935 905 1001 moritur
924 935 1016 1022 prius
1031 957 1128 1020 quam
1143 935 1260 1022 reliqui

137 1042 193 1127 qui
216 1039 397 1108 solstitiales
418 1038 585 1117 dicuntum
614 1037 758 1103 universi
778 1059 953 1122 numquam
975 1048 1204 1118 manne-cunt,
1227 1049 1261 1105 et

136 1143 164 1209 si
185 1142 274 1228 prius
296 1163 393 1226 quam
414 1149 483 1206 tota
502 1149 700 1206 maturescat
724 1161 789 1205 uva
816 1139 943 1204 incocta
969 1139 1065 1206 detur
1090 1140 1162 1207 cibo
1189 1141 1260 1228 gal·

129 1243 258 1317 xlinaceo
279 1242 400 1328 generi,
422 1241 587 1307 fastidium
608 1241 815 1328 gigniturus
836 1240 1019 1326 adpetendi.

179 1347 229 1410 19.
271 1342 481 1409 Ficticiorum
513 1343 653 1429 primum
684 1342 723 1406 fit
750 1364 792 1407 ex
820 1340 893 1426 ipso
921 1342 996 1408 vino
1028 1343 1116 1428 quod
1146 1356 1261 1411 vocant
1274 1358 1322 1403 1⁰0

135 1444 315 1529 adynamon
336 1444 398 1511 hoo
417 1444 529 1511 modo:
552 1444 617 1511 albi
637 1442 736 1508 musti
752 1443 898 1509 sextariis
912 1466 962 1509 xx
975 1465 1078 1528 aquae
1092 1445 1260 1512 dimidium

135 1546 241 1612 fervet
261 1546 365 1612 donec
392 1556 592 1631 excoquatur
613 1567 716 1631 aquae
737 1567 899 1610 mensura.
931 1543 1001 1610 Alii
1021 1547 1162 1612 marinae
1184 1570 1268 1632 sex-⁵

135 1648 232 1713 tarios
254 1648 381 1727 decem,
404 1648 592 1714 tantundem
615 1647 744 1734 pluviae
765 1648 800 1713 in
822 1648 889 1713 sole
910 1648 1124 1737 quadraginta
1145 1649 1260 1715 diebus

135 1758 257 1815 torrent
263 1773 273 1826 3
296 1750 374 1815 dant
395 1750 503 1839 aegris
525 1749 644 1834 quibus
665 1749 732 1816 vini
753 1748 883 1814 noxiam
905 1750 1026 1816 timent.
1059 1750 1259 1817 Proxumum
1273 1765 1318 1808 101

132 1849 170 1915 fir
191 1873 209 1918 a
229 1851 298 1917 mili
319 1853 440 1917 semine
460 1863 587 1917 maturo
608 1874 681 1916 cum
694 1851 768 1936 ipsa
787 1849 905 1936 stipula
918 1848 1034 1915 libram
1047 1852 1260 1935 quadmntem

132 1951 167 2015 in
189 1951 321 2039 congios
343 1952 425 2017 duos
452 1953 551 2017 musti
576 1961 738 2017 macerato
761 1959 889 2036 etpost
910 1961 1094 2036 septumum
1114 1974 1259 2019 mensem

134 2052 314 2128 transfus03
338 2075 379 2119 ex
399 2055 466 2119 loto
484 2052 609 2133 arbore,
632 2053 761 2130 frutice,
782 2052 882 2118 herba
896 2052 1017 2119 dictum
1032 2065 1082 2119 est
1094 2054 1142 2119 uti
1157 2077 1258 2138 quae·

133 2175 196 2238 que
217 2154 342 2221 fierent.
379 2153 481 2220 Fiunt
502 2164 535 2221 et
556 2177 574 2221 e
595 2155 700 2241 pomis
722 2175 805 2238 quae
832 2153 990 2235 dicemus,
1016 2156 1318 2243 interpretatio-102

132 2255 229 2321 nibus
249 2277 316 2321 non
336 2255 399 2321 nisi
419 2255 612 2322 necessariis
632 2255 762 2335 additis,
785 2256 988 2342 primumque
1010 2257 1170 2344 spalmis,
1193 2279 1257 2342 quo

133 2354 246 2421 Parthi
266 2355 341 2422 Indi
362 2367 498 2422 utuntur
519 2368 551 2424 et
572 2358 678 2423 oriens
699 2368 797 2436 totus,
822 2367 1020 2425 maturarum
1040 2381 1120 2444 quas
1141 2369 1257 2425 vocant

1396 922 1416 953 ὁ

1429 2238 1439 2277 4

81 2491 87 2499 -
133 2457 293 2542 chydaeas
319 2458 426 2526 modio
452 2459 487 2524 in
508 2481 610 2544 aquae
632 2459 756 2548 congiis
779 2459 882 2527 tribus
900 2471 1063 2528 macerato
1085 2480 1255 2546 expresso·

131 2580 206 2643 que.
239 2557 296 2627 Sic
316 2560 355 2627 fit
376 2571 409 2627 et
433 2561 552 2647 sycites
574 2584 592 2628 e
613 2562 691 2640 fico,
720 2583 817 2646 quem
843 2562 898 2628 alii
919 2561 1173 2648 palmiprimum,
1200 2561 1257 2626 alii

133 2661 330 2729 catorohiten
350 2673 468 2731 vocant
474 2689 484 2743 3
516 2674 585 2730 aut*
601 2664 629 2730 si
656 2663 750 2732 dulce
772 2686 842 2732 esse
862 2686 928 2731 non
948 2664 1062 2744 libeat,
1090 2686 1150 2750 pro
1171 2685 1256 2748 aqua

134 2870 166 2880 -
180 2830 307 2897 primast.
324 2836 671 2901 superiorabtabbnbfflalec.
684 2839 743 2888 coll.
757 2843 798 2900 12,
811 2837 960 2900 1³⁰·-fil
976 2854 988 2887 e
1005 2836 1125 2898 labano,
1140 2838 1254 2887 affice-

131 2911 183 3012 ἓᾳτ.
199 2906 229 3028 pq,
247 2907 288 2953 33.
312 2943 345 2953 ..
367 2903 506 2966 masaa,
520 2908 582 2955 adr.
608 2912 753 2966 macerabo,
770 2918 792 2953 c.
819 2944 851 2954 ..
877 2902 930 2952 dies
950 2904 1053 2967 XXX,
1069 2907 1133 2955 eod
1163 2903 1258 2955 XXX

148 2980 188 3025 ses,
224 2979 250 3030 r.

166 3030 234 3090 §9⁹-
260 3035 474 3096 abamita-aed.
492 3077 524 3087 ..
551 3036 638 3100 liae.
660 3034 737 3096 hqd.
755 3031 844 3099 ἁζβγ.
867 3074 899 3084 ..
918 3034 1201 3099 ροεῑᾳιιαιηραιιῑο,Τᾶ.
1220 3073 1252 3085 .-

132 3096 335 3163 deflorueraTd
361 3101 471 3165 defluere,
487 3096 556 3154 Hac.
584 3143 616 3153 ..
641 3109 708 3162 nato,
721 3118 742 3152 c.
768 3142 801 3152 ..
827 3100 935 3165 reliqua,
952 3105 1016 3153 aed.
1038 3109 1150 3166 peratnm
1160 3100 1253 3164 reliqui,

130 3166 220 3216 Dalec.
250 3207 282 3219 ..
315 3168 448 3230 Universum
469 3185 490 3220 c.
521 3168 630 3219 dicuntur
648 3168 758 3218 sniumei.
774 3167 920 3232 Nunquam,
938 3162 967 3219 θ.
997 3210 1029 3220 -
1056 3177 1213 3230 maturescat,
1228 3185 1252 3218 v.

132 3232 252 3286 Schneid.
264 3237 298 3287 ad
309 3235 411 3288 Colum.
422 3237 499 3289 VIII.
513 3242 536 3299 5,
547 3243 588 3288 2³.
614 3244 752 3300 mamacas,
764 3250 828 3301 aar.
851 3244 977 3299 maaet,
989 3240 1014 3288 d.
1031 3237 1157 3299 inormem,
1170 3237 1201 3287 T.
1220 3276 1252 3286 ..

131 3315 188 3362 una,
199 3296 229 3363 β.
246 3345 279 3354 ..
297 3303 450 3369 appetendos,
462 3320 484 3355 c.
600 3353 602 3357 .

165 3367 252 3429 §100-
277 3371 436 3435 Feliciorem,
449 3374 541 3425 Tacd.
566 3367 771 3435 Factitiorurqss.
798 3412 831 3423 ..
857 3369 1120 3438 adynnnwnstaarbar.
1146 3370 1251 3437 sayna-
1349 3400 1352 3405 ·

131 3451 191 3496 mon,
208 3455 231 3489 a.
258 3456 407 3506 mmmmm,
423 3445 446 3492 d.
473 3439 622 3504 αάείνηαηοπ,
639 3457 661 3492 c.
683 3442 718 3493 V.
735 3442 854 3492 Dioscor.
872 3448 896 3503 5,
910 3447 950 3493 la.
975 3482 1008 3493 -
1034 3439 1158 3502 saturica,
1176 3441 1251 3491 Tad.

131 3504 256 3567 marios,
269 3523 291 3558 o.
308 3509 415 3570 amorii,
428 3505 478 3574 βγ.
495 3549 529 3561 ...
546 3508 675 3570 tammum,
687 3523 730 3559 ec.
747 3524 842 3570 noxam,
854 3510 908 3560 Td.

165 3571 250 3632 5101.
260 3573 332 3636 fecit,
343 3577 368 3625 d.
387 3615 418 3624 -
436 3575 508 3636 milio,
519 3590 563 3626 ac.
581 3575 667 3636 mdiu-a,
679 3577 703 3625 d.
726 3616 756 3625 ...
780 3575 875 3635 maturi,
888 3579 912 3626 d.
931 3617 963 3626 -
985 3574 1072 3624 libram
1084 3573 1251 3640 quadranter,

132 3638 196 3686 aod.
215 3636 299 3689 loram
310 3648 334 3688 et
344 3640 509 3704 quadrantem,
519 3638 571 3707 βγ.
589 3640 652 3690 libra
662 3649 685 3690 ct
695 3639 838 3705 quadrante,
849 3643 917 3694 Pint
933 3683 966 3692 -
984 3651 1123 3704 maceratos,
1132 3646 1157 3693 d.
1174 3657 1251 3692 moce-

132 3711 240 3824 raptorgp⁸
262 3715 445 3770 maceratum.
473 3748 505 3759 ..
531 3708 790 3773 είυίηορωι,Ι)αΙεο.
816 3748 850 3760 ..
876 3708 961 3759 dictum
973 3717 1009 3759 est
1021 3716 1060 3772 13,
1075 3716 1131 3762 104.
1144 3725 1199 3774 sqq.
1217 3750 1249 3761 -.

131 3786 147 3818 u
162 3787 178 3832 ι,
242 3777 306 3826 aed

165 3841 254 3902 §1⁰2-
280 3841 386 3892 manui
395 3843 534 3892 maaria
544 3842 824 3908 interpreurtiombso,d.
851 3886 883 3895 -
906 3845 1092 3911 primumpaee,
1105 3846 1180 3895 codd.
1193 3846 1250 3897 Gel.

128 3905 266 3972 primusque
278 3926 297 3973 a,
310 3913 373 3962 aod.
397 3909 640 3975 proximumques,
653 3914 726 3962 codd.
738 3913 852 3965 Barbari.
874 3952 907 3965 ..
932 3911 997 3975 Indi,
1009 3915 1071 3964 aod.
1090 3919 1113 3961 et
1123 3910 1187 3973 ndi,
1198 3908 1248 3976 βγ.

132 4012 163 4022 ..
181 3984 269 4039 motus,
289 3981 353 4030 aed.
379 4020 411 4030 -
440 3986 599 4040 maurorum,
620 3980 725 4031 Barbas.
747 3996 781 4030 ex
800 3981 919 4031 Dioscor.
941 3987 968 4042 o,
990 3987 1031 4030 40.
1051 3974 1101 4036 τὰς
1116 3976 1250 4046 χυδαίους

131 4039 283 4116 πξπείρους.
310 4045 447 4108 minarum,
463 4047 571 4100 snaed
588 4044 674 4109 (codd
692 4046 799 4099 Salmas.
812 4061 893 4098 exerc.
905 4063 931 4112 p.
943 4053 1001 4098 932.
1013 4049 1037 4098 b.
1050 4045 1096 4109 D.)
1122 4046 1248 4110 mianum,

131 4105 199 4184 PJnt.
211 4109 245 4159 K
263 4151 295 4161 ..
312 4113 338 4161 ia
353 4130 438 4177 wana,
450 4129 493 4165 ac.
510 4114 618 4176 masque,
630 4117 654 4165 d.
673 4153 703 4163 ..
722 4114 807 4176 subitas,
819 4131 841 4165 c.
857 4113 940 4176 sititae,
953 4115 977 4164 d.
992 4114 1081 4178 ficitas,
1093 4131 1116 4164 a.
1133 4115 1249 4166 Plurima

133 4171 176 4220 hro
186 4184 269 4228 mutat
278 4180 367 4231 Delec.
393 4221 426 4232 ..
447 4180 753 4247 palmipra'mamfflarbar.
775 4180 970 4247 panniprimuou
986 4183 1017 4232 Τ.
1039 4197 1123 4246 poma
1134 4181 1247 4247 primum

136 4232 226 4358 θῖοᾰ.
244 4246 445 4362 -ILwtorciitcn,
456 4250 560 4302 Barbar.
573 4264 587 4299 e
598 4249 713 4301 Dioscor.
727 4254 751 4312 5,
763 4255 805 4300 41.
824 4246 905 4313 noan,
921 4241 1022 4373 811*ιοῖ
1016 4251 1043 4376 (18

187 4320 240 4361 mu.
