2896 4800
190 252 230 315 70
542 266 745 313 urrunnun
768 266 964 314 russorum:

187 417 324 484 Alienae
352 438 478 501 quoque
507 415 673 502 religionis
700 417 865 515 intellectu
887 418 1063 484 creduntur
1084 422 1182 485 maria
1205 431 1341 488 trans-a

187 519 265 586 ituri
290 540 355 582 non
384 528 458 581 ante
485 515 577 581 navis
599 516 813 582 conscendere
835 537 933 601 quam
953 519 1078 583 invitati
1104 521 1239 586 rectoris
1259 523 1311 587 iu-

188 619 356 685 reiurando
383 617 423 682 de
450 616 568 696 reditu,
597 617 724 700 visique
747 628 821 682 sunt
842 617 920 683 fessi
942 619 1153 705 aegritudine,
1183 624 1312 705 quando

189 731 223 788 et
242 720 312 784 illas
333 718 424 783 molis
444 717 603 783 infestant
623 718 737 797 morbi,
765 718 882 784 herbas
904 720 1010 805 supini
1031 720 1065 784 in
1087 722 1212 786 caelum
1232 723 1310 787 iaci-

189 830 288 898 entes,
316 819 416 884 veluti
438 819 552 884 tellure
573 818 724 906 precibus
746 819 905 907 adlegata.
939 819 1024 884 Nam
1045 821 1131 904 quod
1150 807 1200 885 ¹ad
1220 821 1310 887 doci-

186 922 309 987 litatem
334 921 459 997 attinet,
492 943 603 1008 regem
630 920 773 998 adorant,
807 942 914 1006 genua
943 919 1143 999 submittunt,
1177 944 1311 989 coronas

186 1022 372 1111 porrigunt3
394 1021 486 1087 Indis
508 1031 599 1085 arant
619 1021 758 1087 minores
781 1042 862 1105 quos
884 1022 1048 1107 appellant
1068 1023 1193 1088 nothos.

228 1123 274 1189 11.
303 1126 333 1189 2.
376 1121 500 1187 Romae
536 1121 638 1186 iuncti
676 1122 816 1207 primum
854 1123 981 1188 subiere
1014 1145 1144 1189 currum
1175 1122 1340 1209 Pompeis

187 1223 304 1312 Magni
324 1222 436 1288 Africo
458 1221 632 1310 triumphe,
655 1223 741 1308 quod
762 1223 852 1308 prius
873 1221 968 1287 India
990 1225 1076 1290 victa
1097 1225 1311 1311 triumphante

186 1326 310 1393 Libero
337 1333 429 1410 patre
458 1333 669 1401 memoratur3
696 1321 855 1392 Procilius
881 1334 980 1412 negat
1005 1327 1149 1411 potuisse
1177 1325 1312 1412 Pompei

188 1425 350 1511 triumpho
376 1425 504 1489 iunctos
532 1425 642 1511 egredi
663 1435 765 1510 porta.
801 1422 986 1492 Germanici
1008 1424 1158 1492 Caesaris
1179 1450 1311 1494 munere

188 1527 377 1615 gladiatorio
399 1526 554 1610 quosdam
576 1526 673 1593 etiam
692 1527 873 1593 inconditos
894 1538 1018 1593 meatus
1040 1528 1169 1594 edidere
1192 1531 1310 1593 saltan-

189 1629 270 1695 tium
289 1628 393 1694 modo.
425 1628 567 1716 Volgare
596 1637 664 1694 erat
693 1650 752 1714 per
780 1650 876 1694 auras
897 1650 986 1693 arma
1005 1629 1111 1695 iacere
1132 1651 1196 1692 non
1217 1631 1339 1693 aufe-5
1422 1694 1425 1699 ,

188 1728 334 1795 rentibus
361 1729 466 1796 ventis
492 1738 588 1814 atque
613 1730 697 1794 inter
719 1753 753 1795 se
774 1718 981 1821 gladiatorios
1002 1751 1193 1816 congressus
1214 1729 1309 1794 edere

189 1840 247 1897 aut
271 1830 450 1898 lascivienti
474 1831 627 1918 pyrriche
653 1830 842 1908 conludere;
875 1841 988 1922 postea
1015 1841 1048 1895 et
1068 1853 1128 1916 per
1150 1829 1236 1895 funis
1258 1830 1308 1894 in-

176 1953 316 1997 cessere
330 1933 464 1999 ¹lecticis
494 1933 590 1999 etiam
618 1933 756 1998 ferentes
782 1933 930 2016 quaterni
961 1932 1106 2020 singulos
1134 1955 1310 2018 puerperas

187 2031 342 2097 imitantis
367 2034 535 2119 plenisque
562 2033 691 2099 homine
719 2033 865 2100 tricliniis
886 2033 1069 2098 accubitum
1095 2034 1161 2099 iere
1182 2055 1242 2120 per
1262 2033 1308 2096 le-

189 2143 257 2199 ctos
278 2134 324 2198 ita
344 2134 467 2202 libratis
489 2134 646 2224 vestigiis,
669 2158 711 2200 ne
732 2134 804 2218 quis
825 2135 1003 2220 potantium
1024 2133 1245 2224 attingeretur.

240 2233 302 2299 111.
337 2236 368 2300 3.
411 2234 545 2302 Certum
576 2246 628 2310 ,est
660 2257 760 2301 unum
792 2235 938 2302 tardioris
970 2235 1081 2324 ingeni
1113 2234 1337 2322 accipiendiso

188 2358 270 2422 quae
299 2337 509 2402 tradebantur
536 2338 666 2423 saepius
695 2337 888 2425 castigatum
909 2338 1108 2407 verberibus¹
1121 2337 1234 2404 eadem
1255 2337 1310 2402 illa

187 2438 396 2504 meditantem
426 2446 526 2501 noctu
557 2446 730 2522 repertum.
762 2436 887 2501 Mirum
918 2461 1069 2504 maxume
1102 2449 1135 2503 et
1166 2436 1310 2504 adversis

187 2537 318 2621 quidem
348 2534 479 2600 funibus
511 2536 635 2612 subire,
671 2535 729 2600 sed
760 2536 889 2622 regredi
917 2538 1020 2622 magis
1048 2538 1161 2619 utique
1189 2538 1309 2621 pronis.

187 2635 358 2706 Matienus
381 2646 429 2700 ter
451 2637 562 2701 consul
583 2643 763 2699 auctorest
783 2633 924 2716 aliquem
946 2657 988 2698 ex
1008 2634 1058 2701 his
1080 2644 1112 2699 et
1132 2635 1310 2704 litterarum

188 2736 305 2804 ductus
329 2733 528 2807 Graecarum
550 2735 700 2806 didicisse
722 2733 914 2817 solitumque
935 2734 1135 2819 perscribere
1158 2735 1226 2803 eius
1246 2736 1308 2801 lin-

186 2859 272 2922 guae
299 2836 423 2903 rerbis:
457 2837 552 2922 „ipse
579 2858 640 2922 ego
666 2835 746 2903 haec
775 2833 890 2920 scripsi
919 2844 953 2901 et
981 2835 1083 2921 spolia
1113 2833 1238 2902 Celtica
1259 2837 1309 2901 di-

187 2936 291 3014 cavi'’‚
328 2936 470 3019 itemque
503 2958 539 3000 se
571 2936 702 3004 vidente
730 2932 891 3015 Puteolis,
926 2957 999 3005 cum
1031 2936 1155 3005 advecti
1183 2960 1201 3004 e
1227 2959 1309 3003 nave

220 3140 272 3202 58.
289 3139 400 3205 reqionia
411 3143 444 3194 K.
464 3184 496 3199 ...
510 3161 556 3209 per
567 3144 661 3207 labae,
672 3145 706 3195 K.
725 3184 756 3198 ..
775 3142 894 3206 iacientes,
906 3145 938 3196 R.
962 3145 1071 3209 iacentes,
1087 3138 1196 3195 θΤΚᾱ.
1216 3182 1248 3192 ...
1267 3140 1309 3192 tel·

186 3202 338 3326 allilirRl‘th
362 3208 477 3276 alequa,
493 3214 548 3265 Rd.
574 3211 684 3278 adipata,
700 3213 747 3301 Tr.
774 3210 894 3276 ableyata,
911 3212 1006 3263 Sabell.
1022 3213 1055 3262 K.
1080 3251 1112 3260 ..
1135 3209 1224 3270 nothos,
1241 3209 1308 3258 Rob.

254 3311 261 3337 ν

220 3360 272 3421 §a
288 3357 383 3424 Africo,
395 3362 447 3412 aa.
465 3361 591 3424 Africano,
603 3359 653 3426 ar.
672 3403 704 3411 ..
723 3359 810 3425 araur,
822 3353 944 3411 rerer.
968 3344 1257 3424 representantur.
1275 3399 1307 3411 ..

181 3433 264 3488 porta,
275 3421 381 3477 ROrK.
395 3436 499 3491 portam,
513 3425 562 3489 dss.
582 3469 614 3479 ..
636 3428 759 3489 Gemani,
771 3430 825 3478 Rd.
844 3467 873 3476 ..
900 3426 1024 3490 quosdam,
1035 3422 1119 3478 BOS.
1138 3443 1191 3490 qao,
1204 3428 1257 3480 Td.
1276 3469 1308 3478 ..

185 3490 265 3556 amm,
277 3488 406 3547 Besae.
425 3496 483 3546 0m.
494 3491 525 3559 β.
543 3535 575 3546 ..
593 3503 691 3557 meatus,
703 3496 734 3546 T.
753 3501 868 3556 maeatae,
879 3495 911 3544 R.
929 3503 1011 3557 notar,
1025 3490 1121 3558 Sdfir.

218 3580 271 3642 §a
290 3576 457 3644 yladr'atorias,
473 3579 505 3630 R.
524 3620 555 3630 ..
580 3578 720 3640 lascivienti,
732 3581 786 3631 Rd.
810 3577 950 3643 lasciviente,
961 3574 1013 3644 βγ.
1033 3621 1064 3630 ..
1084 3579 1220 3650 pyrrhicle,
1234 3581 1307 3630 codd.

186 3644 242 3697 Get
256 3646 376 3711 pyrrhica,
387 3648 420 3697 R.
434 3646 533 3712 pirrice,
546 3650 570 3699 d.
584 3646 796 3711 pernicitatem.
811 3687 843 3697 -
860 3645 985 3711 colludere,
997 3650 1043 3699 Rd
1055 3645 1141 3710 (codd.
1155 3645 1224 3710 Gel.)
1243 3645 1308 3696 colli-

185 3711 248 3776 dere,
260 3715 292 3765 Τ.
305 3756 337 3770 ...
355 3714 475 3766 acam.
494 3714 500 3727 “
530 3714 588 3777 aloa
600 3716 646 3767 Rd
659 3712 744 3776 (codd.
757 3712 826 3776 Gel.)
846 3712 1089 3780 lancae-sin9uns‚
1101 3734 1121 3767 r.
1134 3757 1166 3765 -
1180 3713 1308 3778 pleraque,

185 3781 255 3832 Rdr.
275 3821 305 3830 -
324 3776 491 3845 dominaRO.
526 3783 632 3846 ominen,
644 3783 669 3832 d.
687 3780 811 3847 dominam,
823 3779 851 3844 β.
866 3823 897 3833 ..
916 3776 1173 3845 accubitam‚ROTd.
1192 3779 1307 3838 moabita,

186 3842 215 3907 β.
235 3887 267 3897 -
282 3851 437 3913 portantium,
449 3853 497 3902 Tr.

220 3929 271 3991 §a
289 3931 385 3996 inqenii,
396 3935 462 3993 Rdl.
481 3936 571 4001 inperii
580 3953 636 4000 pro,
653 3937 719 3987 Td2.
742 3934 832 3999 inperii
846 3934 878 3994 in,
890 3930 940 4000 βγ.
960 3973 992 3986 ...
1010 3928 1114 3990 eandan,
1131 3930 1176 3978 3².
1196 3969 1226 3978 ..
1238 3929 1307 3989 sari-

188 3998 230 4046 tur
240 3997 339 4060 subiere,
350 4000 404 4050 Rd.
417 4043 449 4051 -
462 4005 546 4067 mapa,
559 4007 583 4054 d.
602 4004 692 4056 Omitt.
704 4004 766 4054 ΒΤ.
779 4043 811 4052 ..
830 3999 896 4059 IIII,
908 4000 992 4048 RTd.
1005 4038 1037 4047 -
1058 3996 1214 4056 Graecarum,
1226 3997 1308 4046 RTd.

190 4079 343 4144 Graecorum,
354 4077 383 4143 β,
403 4124 434 4133 ..
454 4083 630 4147 dedicarem
653 4085 778 4147 dedidisse,
791 4087 834 4137 R¹.
858 4080 978 4142 desidiae,
990 4084 1043 4131 Td.
1062 4120 1093 4130 ..
1114 4077 1241 4142 praeiere,
1253 4080 1307 4130 Rd.

183 4149 353 4272 mamertine,
365 4164 390 4217 γ.
410 4192 441 4202 ..
461 4151 548 4216 dicavi,
565 4154 596 4205 R.
619 4154 669 4218 epse
687 4151 775 4216 dicavi,
788 4152 840 4201 Td.
860 4188 892 4199 .-
914 4163 934 4209 e,
947 4149 1000 4200 Rd.
1019 4147 1055 4209 de,
1068 4149 1101 4202 K.
1124 4146 1181 4198 Om.
1194 4164 1214 4198 r.
1231 4189 1264 4200 ..
1283 4156 1309 4200 at

187 4230 236 4265 rese
246 4232 278 4280 nr,
