2896 4800
359 268 431 315 ura.
445 268 522 315 xm.
546 265 624 314 car.
639 267 701 313 1111.
718 264 797 312 xm.
825 261 923 312 sacr.
938 262 1027 308 nm.
1189 244 1251 312 889

132 421 246 500 taenia,
279 422 381 506 lungo
407 417 526 504 papyri
553 415 673 496 bibula,
706 416 762 482 vix
796 415 858 481 nisi
883 414 988 481 littera
1015 414 1171 482 fundente
1198 437 1251 494 se;

132 533 256 588 tantum
277 522 362 590 inest
383 518 517 584 fraudis.
539 516 635 583 Alius
657 518 757 604 igitur
777 518 894 583 iterum
915 516 1062 583 texendis
1082 516 1181 582 labor.

173 625 224 689 26.
258 621 427 688 Glutinum
447 620 579 708 volgare
601 641 619 685 e
640 619 768 706 pollinis
788 619 866 685 flore
888 627 1083 705 temperatur
1104 619 1250 685 fervente
1265 635 1298 682 sa

131 747 226 809 aqua,
255 724 397 789 minumo
426 723 509 787 aceti
535 722 708 808 adspersu3
737 744 813 787 nam
833 719 946 787 fabrile
968 721 1167 806 cummisque
1187 721 1252 786 fra-
1359 782 1370 793 ,

131 826 210 913 gilia
238 834 322 890 sunt.
354 823 551 913 Diligentior
583 845 661 889 cura
686 823 795 888 mollia
821 822 915 908 panis
942 822 1123 889 fermentati
1150 823 1255 888 colata

132 950 216 1013 aqua
236 927 399 1003 fervente3
421 925 600 990 minumum
620 925 683 992 hoo
702 925 798 992 modo
818 924 1015 1012 intergerivi,
1037 934 1135 1010 atque
1157 924 1255 990 etiam

132 1030 190 1097 lini
210 1029 324 1094 lenitas
348 1036 526 1115 superatur.
560 1024 666 1093 Omne
694 1034 802 1092 autem
829 1027 990 1116 glutinum
1014 1049 1075 1093 nec
1096 1027 1254 1094 vetustius

132 1152 204 1198 esse
226 1130 322 1196 debet
342 1150 408 1194 uno
430 1128 483 1194 die
504 1149 564 1194 nec
582 1128 752 1195 recentius.
764 1126 894 1194 'Postea
914 1128 1029 1195 malleo
1051 1138 1201 1194 tenuatur
1222 1137 1255 1194 et
1267 1142 1300 1189 sa

131 1233 248 1298 iterum
269 1232 392 1319 glutino
413 1229 612 1317 percurritur
632 1231 814 1315 iterumque
836 1228 1009 1296 constricta
1030 1239 1183 1316 erugatur
1203 1239 1254 1295 at·

133 1355 197 1418 que
218 1333 404 1399 extenditur
424 1332 550 1397 madeo.
571 1331 624 1397 Ita
646 1333 711 1398 sint
730 1332 907 1420 longinqua
927 1332 1123 1398 monimenta
1143 1330 1256 1398 Tiberi

134 1432 261 1519 Gaique
284 1433 504 1501 Gracchorum
525 1455 650 1511 manus,
679 1455 763 1519 quae
783 1433 871 1520 apud
891 1431 1108 1519 Pomponium
1129 1429 1255 1500 Secun-

131 1534 209 1600 dum
235 1545 342 1602 vatem
370 1535 537 1620 civemque
564 1535 777 1600 clarissimum
804 1534 873 1600 vidi
895 1556 995 1600 annos
1015 1535 1083 1600 fere
1104 1544 1178 1621 post
1199 1554 1253 1613 σος

130 1637 195 1700 iam
216 1659 292 1703 vero
315 1635 482 1703 Ciceronis
504 1657 542 1702 ao
563 1636 631 1702 divi
650 1636 794 1727 Augusti
812 1635 1003 1723 Vergilique
1024 1657 1256 1723 saepenumero

130 1737 287 1804 videmus.

175 1839 274 1906 xm.
297 1841 348 1904 27.
381 1840 532 1927 Ingentia
558 1842 706 1927 exempla
732 1848 844 1906 canna
868 1839 918 1904 Μ.
941 1839 1097 1907 Varronis
1126 1851 1255 1907 senten·
1268 1854 1302 1900 84

133 1942 210 2006 tiam
239 1941 280 2006 de
309 1941 427 2006 chartis
448 1941 663 2027 reperiuntur.
690 1940 838 2026 Namque
861 1937 999 2006 Cassius
1019 1941 1170 2021 Hemina,
1197 1942 1255 2008 te·

132 2041 328 2107 tustissimus
361 2050 471 2106 auctor
503 2042 680 2120 annalium,
713 2051 827 2126 quarto
861 2063 970 2107 eorum
1000 2042 1082 2108 libro
1114 2043 1256 2130 prodidit
1311 2086 1313 2095 ι

133 2141 195 2210 On.
218 2143 407 2209 Terentium
429 2141 567 2208 scribam
587 2164 702 2228 agrum
724 2165 818 2207 suum
838 2142 873 2208 in
893 2142 1038 2210 Ianiculo
1053 2146 1255 2231 repastinan-

133 2256 199 2311 tem
221 2245 376 2315 effodisse¹
392 2265 510 2322 arcam,
532 2243 567 2307 in
588 2264 652 2328 qua
666 2241 774 2309 Numa
795 2245 851 2328 qui
865 2243 989 2310 Romae
1009 2246 1160 2332 regnavit
1173 2245 1255 2310 situs

133 2345 249 2411 fuisset
256 2369 266 2421 3
288 2345 323 2409 in
344 2344 456 2410 eadem
476 2343 575 2410 libros
597 2344 667 2411 eius
688 2356 832 2431 repertos
847 2343 887 2411 P.
904 2343 1056 2413 Cornelio
1077 2345 1119 2413 L.
1133 2345 1173 2411 F.
1190 2343 1255 2412 Oe·
1268 2361 1301 2407 as

134 2446 231 2533 thego
255 2445 305 2510 M.
332 2445 455 2514 Baebio
482 2443 526 2529 Q.
547 2445 587 2510 F.
610 2446 782 2533 Tamphilo
809 2469 904 2526 coss,
931 2447 974 2512 ad
999 2469 1081 2533 quos
1108 2471 1127 2513 a
1153 2469 1256 2536 regno

133 2547 258 2616 Numae
280 2549 474 2637 colliguntur
495 2550 572 2614 anni
592 2572 728 2629 uxxxv3
750 2551 810 2616 hos
832 2549 935 2616 fuisso
956 2551 1112 2632 eoharta,
1133 2551 1255 2617 maiore

133 2651 306 2718 etiamnum
327 2651 492 2731 miraculo,
519 2651 607 2737 quod
631 2661 679 2718 tot
699 2651 814 2718 infossi
834 2651 1021 2719 duraverint
1042 2653 1146 2734 annis,
1175 2676 1255 2741 qua-

133 2838 196 2874 mas.
223 2865 256 2874 -
283 2825 369 2886 toenia
382 2827 454 2877 codd.
467 2826 524 2878 Gal.
552 2827 710 2886 tenealtrtd.
737 2842 778 2876 ceu
791 2826 930 2887 tarnim.
957 2869 989 2879 ..
1008 2824 1256 2894 sunqo,Rd(codd

134 2889 205 2953 Gal.)
214 2892 334 2955 sanoqa.
360 2893 435 2952 iunco,
447 2895 490 2945 Kr
501 2893 588 2956 (codd.
600 2895 716 2954 Barbari,
728 2894 849 2954 Turnsbi,
861 2894 1002 2958 salmasii.)
1029 2933 1064 2950 ..
1089 2893 1257 2956 abutauro

134 2956 221 3019 (codd.
234 2957 304 3020 Gel.)
331 2959 461 3022 rituale.
489 2959 578 3020 balab,
591 2962 666 3010 codd
677 2961 792 3011 Barbari.
817 2959 995 3025 ylatinamentr‘a
1008 2961 1154 3012 muelunco
1162 2961 1256 3025 papyri

135 3024 220 3086 bibula
232 3026 348 3087 Salmas,
360 3028 431 3089 quod
440 3029 550 3091 probant
562 3028 676 3089 Scaliger
686 3028 720 3076 ad
730 3029 800 3077 Fert.
812 3043 832 3077 s.
843 3043 868 3078 v.
880 3027 952 3077 eriles
962 3045 988 3093 p.
998 3033 1056 3098 417.
1065 3031 1104 3078 ed.
1116 3030 1200 3088 Lina,
1212 3028 1258 3091 qni

134 3099 220 3142 tamen
232 3107 336 3156 opuscc.
349 3108 374 3156 p.
389 3099 428 3143 52.
440 3095 559 3157 vulgatae
570 3095 653 3156 magis
664 3093 803 3144 assentiens
815 3095 867 3144 alia
877 3096 1006 3159 proponit,
1023 3102 1049 3144 et
1062 3096 1167 3146 Gesner.
1184 3095 1256 3143 chre-

134 3167 208 3209 stom.
215 3175 241 3223 p.
253 3165 309 3211 508.
321 3159 403 3211 Varia
411 3159 846 3220 renuntrrnt.‚t}uinanu‚1)u0a
856 3201 888 3212 ..
900 3162 942 3212 oia
949 3161 1005 3224 ndi,
1012 3163 1079 3212 Rad
1088 3159 1174 3222 (codd.
1184 3157 1256 3224 Gal.)

133 3225 303 3289 viandisl'.
321 3227 456 3291 18111811.
475 3268 507 3278 ..
526 3235 615 3276 tantum
627 3235 662 3276 est
664 3225 763 3292 fraudi,
775 3229 896 3294 Scaliger.
915 3269 948 3280 ..
967 3227 1124 3293 1111181111,Β.
1148 3226 1255 3292 tetendit,
1314 3289 1325 3301 .

134 3310 157 3344 a.
176 3293 287 3358 tanda,
299 3297 352 3347 Τὰ.
371 3293 503 3357 tenuandis,
515 3297 583 3362 Pint.

167 3381 182 3444 ξ
195 3387 237 3431 82.
254 3379 417 3444 cummrscuue,
429 3397 452 3432 a.
464 3379 629 3447 -fruqa'lr'or,
640 3383 673 3432 Β.
687 3422 719 3432 -
731 3380 820 3446 mollio,
828 3382 929 3435 arao.
947 3381 1018 3446 molli,
1027 3377 1058 3446 β.
1068 3423 1100 3433 ..
1112 3379 1257 3447 intcrqerivr',

134 3447 171 3496 ita
182 3448 342 3499 scribendum
353 3449 403 3501 fuit
414 3465 447 3500 ex
458 3451 491 3511 R,
503 3451 547 3514 qui
558 3441 720 3518 interqefssiui
729 3451 814 3500 habet.
838 3449 957 3517 interponi,
968 3454 1014 3504 Ta
1025 3449 1113 3514 (codd.
1125 3447 1196 3512 Gel.)
1219 3447 1256 3498 in-

135 3513 237 3576 teruenit,
247 3510 317 3579 ᾱβγ.
330 3557 363 3566 ..
375 3515 419 3565 tini
427 3516 518 3578 lenitas,
526 3518 599 3569 Tad.
613 3517 714 3580 tlenitos,
722 3518 755 3568 Β.
767 3516 825 3569 Nili
832 3515 923 3583 hattus,
931 3513 961 3583 β,
971 3521 1041 3584 qnod
1049 3520 1143 3584 probat
1150 3517 1256 3570 Gesner.

134 3579 269 3630 chrestom.
280 3597 306 3645 p.
320 3586 377 3632 509.
394 3599 472 3645 aquae
484 3583 554 3631 etiam
565 3582 623 3635 nuti
633 3583 724 3646 levitua
737 3585 846 3635 Salmas.
869 3624 901 3635 ..
922 3594 1043 3650 superata,
1055 3588 1109 3638 Τὰ.
1128 3624 1160 3635 ...
1177 3599 1256 3634 recen·

135 3646 188 3696 tius.
199 3645 288 3696 Postea
299 3647 391 3712 malloo,
403 3651 434 3700 Β
449 3655 534 3713 postea
545 3649 629 3700 malleo
641 3651 762 3712 recentius,
774 3652 818 3701 ad.

168 3732 183 3796 §
195 3737 236 3808 88.
254 3730 345 3793 iterum,
357 3734 381 3782 d.
399 3732 488 3783 Omitt.
499 3734 581 3784 ana
593 3774 625 3784 -
639 3733 772 3798 conscripta
783 3740 903 3798 nugatur,
915 3734 947 3785 Β.
964 3701 1109 3799 waconptoe
1120 3739 1199 3799 rapat,
1211 3735 1258 3785 ad.

135 3795 464 3932 dall’Jldrldoddnllssf
483 3801 714 3932 VassllqleAffibr'
726 3802 762 3852 11.
780 3842 813 3852 ..
830 3803 937 3865 quoad
955 3801 1045 3856 Omin.
1056 3803 1110 3854 Ra.
1128 3841 1161 3852 ..
1178 3798 1257 3864 alten,

135 3882 236 4028 8984.
263 3903 514 4016 Indentr'uAETadr.
541 3905 810 4017 Inpendaqutdemffl.
838 3993 870 4004 ..
895 3953 988 4015 M.,B.
1008 3949 1204 4019 Omittadssr.
1224 3993 1256 4005 ...

135 4025 296 4080 respuentem,
307 4021 354 4070 3¹.
372 4060 405 4070 -
422 4018 539 4084 effodisse,
551 4019 583 4070 Β.
601 4018 733 4084 qffundtssq
746 4016 837 4085 adssr.

169 4100 238 4163 888.
256 4100 399 4164 eodcm‚ad.
427 4145 458 4154 ..
489 4101 622 4168 Tamphilo,
633 4103 720 4167 Sigon.
733 4104 831 4156 deiv.
844 4112 886 4169 40,
900 4112 940 4157 18.
965 4102 1154 4171 Pamphiliqss.
1180 4105 1259 4157 Pam-

131 4162 316 4233 plilqadssr.
334 4210 366 4220 ..
388 4169 428 4233 ad,
441 4174 484 4223 ad.
502 4187 527 4232 a,
538 4171 571 4221 R.
589 4211 622 4221 -
649 4169 784 4234 noallad.
802 4168 946 4238 etloqssr.
973 4215 1005 4224 -
1032 4189 1053 4236 c,
1065 4175 1146 4225 omitt.
1159 4177 1204 4225 ad.
1223 4213 1256 4224 -

137 4242 239 4299 totum.
252 4235 283 4286 Β.
302 4234 427 4301 quodad.
447 4279 477 4290 ..
505 4237 732 4302 duraverintllur.
759 4236 994 4307 weremutdfir.
1022 4282 1052 4292 ..
1080 4242 1156 4305 annu,
1169 4243 1259 4293 ont-d.
