2896 4800
172 297 235 362 260
526 300 731 358 uaruuanrs
752 308 948 358 msronrnn

171 489 283 533 omnes
312 464 538 531 conticescunt.
583 463 648 529 XI.
681 462 806 528 Domos
840 463 979 549 primum
1005 460 1111 548 plebei
1141 463 1295 528 exaedifi-

171 579 255 647 cant,
278 566 395 632 deinde
417 566 560 652 regibus.
583 562 621 630 Si
643 575 793 652 speratur
806 564 925 651 largior
939 573 1125 650 proventus,
1149 564 1295 630 adiciun-

171 681 224 735 tur
250 667 459 735 contubernia
485 678 516 733 et
542 666 641 743 fucis3
669 666 730 732 hae
760 665 913 732 cellarum
938 664 1116 742 minumae,
1146 666 1205 731 sed
1230 666 1296 752 ipsi

170 773 308 838 maiores
329 769 455 857 apibus.

213 875 264 940 11.
298 871 386 939 Sunt
405 882 514 937 autem
535 870 603 936 luci
626 870 694 937 sine
723 869 845 949 aculon,
875 867 965 934 velut
990 868 1187 955 inperfectae
1216 892 1295 956 apes
1310 886 1341 933 27

168 975 435 1059 novissimaeque,
465 997 485 1038 a
506 971 602 1038 fessis
624 982 658 1038 et
677 972 742 1036 iam
765 969 907 1037 emeritis
928 970 1106 1050 inchoatae,
1136 964 1296 1037 serotinus

169 1078 256 1144 fetus
278 1088 311 1143 et
331 1075 424 1161 quasi
446 1073 577 1141 servitia
598 1096 747 1140 verarum
768 1072 888 1160 apium,
918 1073 1127 1157 quamobrem
1146 1073 1296 1159 inperant

168 1179 209 1245 iis
237 1181 423 1266 primosque
450 1177 616 1263 expellunt
643 1175 679 1240 in
705 1197 813 1261 opera,
843 1174 1001 1240 tardantis
1029 1175 1098 1240 sine
1124 1174 1295 1242 clementia

167 1281 322 1368 puniunt3
355 1300 461 1362 neque
487 1277 522 1341 in
544 1298 640 1362 opere
667 1286 792 1342 tantum
814 1277 928 1342 sedin
954 1276 1025 1341 fetu
1052 1299 1179 1361 quoque
1199 1277 1293 1345 adiu-

168 1392 248 1448 vant
274 1404 338 1459 eas,
368 1381 505 1446 multum
522 1378 576 1471 Ι01
603 1377 740 1443 calorem
763 1378 944 1444 conferente
966 1378 1069 1444 turba.
1107 1375 1207 1444 Certe
1228 1400 1293 1462 quo
1308 1396 1340 1440 aa

168 1484 270 1548 maior
291 1503 400 1548 eorum
421 1479 482 1544 fuit
503 1477 685 1556 multitudo,
715 1477 776 1544 hoc
802 1479 903 1544 maior
928 1478 986 1545 fiet
1012 1479 1195 1544 examinum
1216 1503 1293 1567 pro·

169 1594 296 1649 ventus.
321 1579 406 1647 Cum
427 1581 521 1646 mella
542 1589 719 1666 coeperunt
739 1590 966 1659 maturescere,
989 1580 1125 1669 abigunt
1140 1603 1195 1647 eos
1209 1581 1293 1647 mul-

170 1694 286 1768 taeque
308 1682 452 1769 singulos
473 1682 648 1770 adgressae
670 1680 841 1746 trucidant.
863 1679 896 1745 N
898 1704 934 1746 ec
954 1682 989 1746 id
1010 1705 1115 1769 genus
1134 1682 1197 1747 nisi
1218 1704 1292 1747 vere

171 1785 390 1873 conspicitur.»
412 1781 523 1848 Funus
545 1782 704 1870 ademptis
725 1783 783 1848 alis
805 1783 839 1847 in
860 1783 964 1849 alvom
985 1784 1125 1851 reiectus
1144 1784 1215 1871 ipse
1236 1807 1292 1850 ce·

170 1887 248 1953 teris
269 1885 390 1951 adimit.

212 1989 262 2054 12.
284 1987 405 2077 Regias
418 1986 654 2073 inperatoribus
667 1987 784 2052 futuris
798 1988 832 2052 in
844 1989 909 2052 ima
923 1998 1015 2075 parte
1037 1988 1101 2055 alvi
1123 1998 1293 2054 exstruunt
1307 2003 1338 2048 2⁹

170 2088 302 2175 amplas,
325 2088 524 2178 magnificas,
549 2098 724 2175 separatas,
754 2089 920 2155 tuberculo
941 2089 1127 2166 eminentis3
1155 2089 1241 2173 quod
1263 2089 1292 2154 si

170 2192 376 2279 exprimatur,
398 2214 463 2256 non
485 2191 665 2280 gignuntur
687 2191 825 2257 suboles.
859 2189 1065 2280 Sexangulae
1093 2212 1202 2256 omnes
1224 2189 1290 2255 oel-

169 2293 262 2359 laea
282 2293 482 2383 singulorum
503 2294 625 2379 pedum
645 2315 753 2380 opere.
789 2291 879 2358 Nihil
899 2291 1013 2358 horum
1034 2303 1118 2358 stato
1138 2280 1292 2379 tempore,

168 2395 228 2460 sed
249 2395 381 2481 rapiunt
401 2395 514 2461 diebus
537 2395 660 2461 serenis
681 2395 805 2472 munia3
832 2395 926 2461 melle
955 2416 1020 2460 uno
1042 2395 1182 2460 alterove
1204 2418 1292 2460 sum-

169 2517 258 2559 mum
279 2495 335 2560 die
353 2497 449 2562 collas
464 2497 599 2582 replent.
630 2494 712 2561 ΧΠ.
734 2495 833 2562 Venit
846 2496 908 2562 hoc
930 2520 971 2561 ex
992 2519 1067 2562 aere
1089 2506 1123 2562 et
1142 2518 1293 2562 maxume
1305 2509 1338 2554 ³0

171 2595 313 2661 siderum
339 2607 455 2661 exortu
481 2597 719 2683 praecipueque
741 2597 812 2683 ipso
839 2597 916 2664 sirio
938 2596 1224 2684 exsplendescente
1244 2597 1291 2675 fit,

169 2719 230 2763 nec
251 2698 380 2763 omnino
400 2696 491 2784 prius
513 2697 719 2786 vergiliarum
735 2709 860 2777 exortu,
884 2699 1068 2766 sublucanis
1083 2699 1292 2785 temporibus.

169 2797 283 2883 Itaque
306 2809 374 2864 tum
395 2800 500 2886 prima
520 2822 635 2866 aurora
657 2799 734 2865 folia
756 2800 907 2867 arborum
928 2801 1021 2867 melle
1046 2801 1173 2866 roscida
1200 2801 1291 2866 inve·

88 2944 89 2948 =
169 2901 302 2968 niuntur
328 2924 376 2979 ac,
407 2901 434 2966 si
464 2901 518 2986 qui
540 2902 696 2968 matutino
719 2903 779 2968 sub
802 2903 876 2968 divo
904 2903 1009 2981 fuere,
1031 2913 1146 2969 unctas
1167 2903 1291 2987 liquore

169 3004 269 3070 vestis
290 3004 505 3092 capillumque
528 3014 713 3072 concretum
735 3004 885 3082 sentiunt,
908 3003 975 3070 sive
989 3005 1043 3071 ille
1065 3015 1113 3071 est
1134 3005 1214 3072 caeli
1235 3026 1290 3069 su-

202 3211 364 3277 ccutiebant,
384 3217 416 3266 R.
440 3256 471 3264 -
496 3205 714 3279 pulsandus,
739 3212 841 3278 plebeia,
860 3209 889 3276 β.
913 3253 945 3264 ..
972 3211 1076 3278 baptor,
1096 3205 1125 3262 θ.
1152 3252 1184 3262 ..
1209 3218 1290 3261 contu-

167 3275 249 3394 ffinio
264 3282 362 3344 arsuri,
376 3284 466 3334 Dalac.
489 3322 521 3333 ..
545 3281 598 3344 bac,
614 3275 727 3334 Rern.
748 3280 805 3345 His,
820 3278 849 3345 β.
873 3323 905 3332 ..
929 3279 983 3346 ipsi,
999 3283 1031 3333 1³.
1053 3279 1131 3345 10000,
1147 3281 1200 3329 Τ1.
1222 3279 1288 3342 peu,

221 3360 257 3395 ec.

202 3410 217 3472 δ
231 3417 271 3464 27.
290 3413 427 3480 imperfecta
438 3425 468 3479 ct,
480 3419 534 3469 Rd.
543 3458 574 3466 ..
586 3432 611 3479 u,
623 3432 673 3467 om.
685 3419 709 3468 d.
720 3459 752 3468 ..
762 3433 842 3482 apum,
853 3413 882 3478 β.
893 3458 924 3466 ..
934 3415 1052 3482 imperant
1061 3413 1092 3463 11(
1098 3411 1243 3477 primosque,
1254 3413 1287 3462 R.

167 3478 353 3611 {mperpntcsque
364 3481 500 3550 (suprascr.
508 3483 620 3549 primos),
633 3485 657 3535 d.
681 3524 713 3535 ..
736 3483 855 3549 expellunt
866 3485 891 3534 in
902 3500 988 3551 opero,
1005 3484 1058 3535 Bd.
1078 3480 1105 3531 iu
1120 3495 1194 3544 opera
1209 3479 1288 3545 expel-

176 3555 218 3599 uat
282 3587 288 3600 .
1177 3580 1179 3585 ·

201 3564 367 3682 1181000011
370 3617 431 3683 suit,
443 3612 553 3672 Rern.
563 3619 652 3684 faerit,
663 3615 694 3682 β.
712 3660 744 3670 ..
763 3619 814 3682 boc,
825 3613 936 3672 ROTd.
954 3610 992 3683 co,
999 3615 1029 3682 β.
1048 3659 1080 3670 ..
1098 3616 1225 3684 coeptam,
1237 3619 1289 3670 Td.

167 3724 199 3735 ..
218 3685 314 3748 multae,
327 3688 358 3737 Τ.
377 3728 408 3736 -
426 3704 553 3753 oppressae
565 3695 595 3748 et,
608 3689 662 3740 Td.
680 3729 713 3738 ..
732 3689 817 3750 Fbcoa
829 3688 897 3739 R¹d.
916 3729 948 3739 ...
965 3687 1066 3749 reiectat,
1078 3690 1102 3738 d.

201 3755 215 3817 §
228 3760 269 3805 29.
291 3755 353 3815 ima,
369 3756 436 3806 Pint.
453 3749 538 3806 1161.
560 3772 621 3818 uua,
637 3750 667 3817 β.
687 3796 719 3805 ..
737 3755 798 3817 0101
811 3771 857 3821 pro
869 3757 895 3806 h.
907 3772 931 3806 r.
943 3756 1064 3808 Schucid.
1077 3757 1109 3807 ad
1121 3755 1229 3807 Ariston.
1241 3755 1259 3803 L
1271 3754 1288 3803 1.

167 3819 199 3870 T.
215 3821 263 3870 IIL
279 3837 304 3886 p.
323 3829 381 3873 408.
404 3839 510 3872 cerarum
524 3824 566 3873 vel
574 3823 692 3886 fucorum
710 3824 820 3874 coniicit.
844 3865 876 3873 ..
899 3823 1028 3885 acimumr,
1042 3824 1111 3875 Pint.
1130 3863 1162 3873 ..
1184 3820 1257 3872 001100
1273 3836 1290 3868 a

166 3885 318 3950 amulorum,
331 3891 355 3939 1.
373 3888 434 3938 cella
445 3906 474 3938 ca
484 3889 579 3954 cinyul,
590 3891 623 3942 R.
642 3890 717 3941 cellae
728 3891 798 3956 einp„
809 3905 851 3955 ry.
860 3893 1021 3957 Praepositi«)
1033 3907 1050 3940 a
1061 3906 1137 3956 saepe
1147 3891 1244 3940 indicat
1254 3889 1289 3949 id,

167 3957 235 4016 quod
246 3957 278 4005 ab
289 3957 376 4019 aliqua
386 3972 413 4006 re
423 3959 505 4019 venit,
518 3959 584 4021 axit3
595 3974 620 4009 v.
633 3965 674 4018 31,
689 3965 730 4009 21.
749 3965 791 4021 85,
805 3965 861 4011 101.
880 3961 921 4021 37,
936 3966 958 4009 1.
980 4001 1013 4010 ,.
1034 3957 1135 4023 pedara,
1147 3958 1229 4009 BTd.
1247 3970 1290 4004 cuc

161 4017 258 4084 pedum,
268 4017 320 4087 βγ.
333 4063 365 4072 ..
383 4030 480 4085 struto,
493 4026 516 4073 d.
529 4066 560 4074 ..
584 4024 692 4088 ermello,
708 4021 760 4156 βί.
777 4067 810 4077 ..
831 4042 952 4089 summum,
968 4024 1089 4093 Respo
1106 4024 1159 4091 (ap.
1176 4024 1289 4077 Gronov.

87 4098 92 4106 ·
165 4088 271 4204 pgsgppl.
274 4087 392 4206 ὥθζβ.)
409 4089 494 4154 anam,
506 4095 529 4143 1.
548 4089 714 4169 mmmmm,
750 4108 775 4159 γ.
793 4095 827 4146 V.
838 4095 950 4148 Gronov.
959 4096 1056 4148 adLiv.
1066 4099 1158 4158 21,8b.
1167 4102 1193 4145 et
1202 4093 1290 4146 Garat.

199 4223 267 4287 §aa
289 4239 326 4285 ex,
338 4225 419 4276 omitt.
432 4228 485 4278 Ru.
502 4222 533 4275 rx
549 4224 599 4276 τοῦ
613 4223 860 4293 depossuerunt
873 4232 892 4281 1.
905 4236 928 4293 s,
941 4237 982 4283 aa.
994 4244 1021 4296 p.
1034 4228 1102 4282 asab
1114 4237 1156 4283 aa
1174 4268 1207 4281 ..
1223 4219 1291 4289 100,

166 4289 198 4339 Β.
217 4289 274 4354 irio,
287 4293 303 4341 1
315 4289 401 4355 (codd.
414 4292 522 4346 Salmas.
540 4308 622 4345 cxcrc.
634 4310 660 4359 p.
675 4299 732 4346 717.
744 4296 769 4346 b.
782 4295 828 4359 G.)
845 4295 900 4362 apsa
911 4297 981 4362 iride,
993 4299 1112 4350 nonnulli
1124 4299 1200 4349 codd.
1211 4298 1289 4350 Voss.
