2896 4800
192 240 257 305 450
547 255 752 304 uarumms
774 255 969 304 merosus

195 421 228 476 st
250 409 400 494 quoniam
425 409 686 495 probatissimum
707 430 748 474 ex
769 409 809 474 iis
830 408 886 472 fiat
907 409 1023 486 oleum,
1046 409 1197 475 accedere
1220 411 1324 477 etiam

193 511 274 577 ratio
300 509 452 597 pravitati
479 510 624 586 videtur3
657 510 828 594 feruntque
860 509 980 597 frigore
1014 510 1216 576 sterilitatem
1248 513 1323 579 fieri

195 614 280 678 sicut
300 613 425 699 copiam
446 612 640 690 maturitate,
670 634 744 677 cum
771 613 813 678 sit
839 612 894 678 illa
915 611 1042 677 bonitas
1063 635 1130 678 non
1151 616 1323 699 temporis,
1375 598 1381 619 .

194 717 252 782 sad
277 714 406 803 generis
430 714 521 779 tarde
549 715 801 801 putrescentium
821 713 856 779 in
877 735 1049 778 amurcam.
1085 711 1208 781 Similis
1231 739 1324 783 error

193 818 359 884 collectam
388 816 536 882 servandi
561 815 597 880 in
630 815 781 881 tabulatis
807 838 867 882 nce
895 817 1083 903 priusquam
1114 817 1210 883 sudet
1241 842 1323 905 pre-

191 916 311 997 mendi,
338 940 412 984 cum
441 919 527 983 omni
553 917 633 983 hora
659 919 766 983 oleum
788 918 961 997 decrescat,
991 940 1124 984 amurca
1144 931 1322 1007 augeatur3

191 1022 300 1106 itaque
328 1022 425 1107 volgo
450 1041 516 1085 non
543 1020 680 1107 amplius
709 1043 801 1085 senas
828 1019 926 1086 libras
952 1019 1089 1108 singulis
1115 1020 1233 1086 modiis
1260 1042 1322 1086 ex-

192 1124 290 1209 primi
311 1124 432 1188 dicunt.
453 1121 615 1187 Amurcae
637 1144 820 1188 mensuram
841 1144 936 1188 nemo
956 1122 1036 1210 agit,
1059 1131 1178 1206 quanto
1200 1145 1241 1188 ea
1262 1146 1322 1190 co-

192 1226 314 1312 piosior
334 1224 513 1312 reperiatur
533 1225 567 1289 in
589 1225 702 1290 eodem
725 1247 844 1313 genere
867 1224 980 1290 diebus
1002 1224 1144 1290 adiectis.
1174 1222 1322 1293 Omnino
1339 1241 1370 1285 1⁵

192 1328 226 1391 in
247 1327 315 1392 vita
337 1350 424 1393 error
446 1337 496 1393 est
516 1326 666 1412 publicus
687 1337 810 1392 tumore
837 1326 939 1391 olivae
965 1347 1110 1392 crescere
1131 1325 1239 1392 oleum
1261 1349 1322 1392 ex-

192 1430 422 1507 istumantium,
450 1428 641 1513 praesertim
668 1451 742 1494 cum
768 1428 991 1518 magnitudine
1018 1429 1142 1514 copiam
1168 1428 1232 1494 olei
1255 1452 1322 1495 non

194 1542 338 1596 constare
364 1529 483 1595 indicio
511 1531 573 1594 sint
598 1551 682 1615 quae
703 1530 812 1616 regiae
834 1540 1002 1609 vocantur,
1031 1530 1072 1596 ab
1094 1530 1165 1595 aliis
1186 1531 1321 1597 maiori-

192 1652 265 1706 nae,
294 1630 335 1695 ab
357 1629 429 1696 aliis
451 1630 612 1718 phauliae,
640 1632 882 1718 grandissimae,
912 1632 1031 1716 alioqui
1059 1632 1200 1697 minumo
1229 1655 1320 1700 suco.

192 1730 239 1795 Et
266 1732 300 1796 in
328 1732 481 1820 Aegypto
510 1733 742 1799 carnosissimis
771 1733 832 1800 olei
859 1735 1030 1822 exiguum,
1057 1734 1216 1820 Decapoli
1242 1758 1321 1802 vero

195 1832 312 1920 Syriae
339 1857 495 1921 perquam
520 1857 640 1922 parvae
666 1857 727 1901 nec
758 1837 890 1922 cappari
922 1836 1059 1902 maiores
1086 1858 1182 1902 came
1211 1847 1321 1905 tamen

194 1937 456 2002 conmendantur.
480 1935 589 2020 Quam
610 1936 652 2003 ob
673 1960 806 2003 causam
825 1938 949 2004 Italicis
970 1938 1202 2005 transmarinae
1222 1952 1368 2028 prae-1⁶

193 2039 341 2104 feruntur
361 2039 397 2104 in
419 2038 499 2104 cibis
522 2063 596 2104 cum
617 2041 688 2105 oleo
710 2040 890 2119 vincantur,
915 2050 948 2104 et
968 2040 1003 2104 in
1023 2039 1095 2127 ipsa
1114 2040 1210 2106 Italia
1231 2053 1320 2108 oete·

194 2139 239 2205 ris
261 2140 400 2206 Picenae
423 2152 464 2207 et'
478 2139 652 2207 Sidicinae.
690 2138 766 2207 Sale
792 2141 866 2207 illae
892 2142 1045 2228 privatim
1069 2142 1267 2208 condiantur*
1288 2154 1322 2209 et

138 2320 145 2342 =
194 2253 232 2307 ut
252 2243 394 2327 reliquae
416 2266 546 2308 amurca
568 2266 699 2328 sapere,
725 2266 850 2310 necnon
876 2244 1001 2329 aliquae
1023 2244 1092 2309 oleo
1114 2266 1172 2309 suo
1194 2255 1228 2310 et
1250 2243 1322 2310 sine

195 2347 349 2411 arcessita
377 2345 640 2412 conmendatione
668 2367 768 2431 purae
794 2345 941 2411 innatant
974 2344 1196 2431 colymbades3
1231 2347 1321 2410 fran-

195 2458 317 2534 guntur
349 2448 481 2513 eaedem
512 2446 747 2532 herbarumque
779 2447 932 2513 viridium
965 2469 1080 2534 sapore
1114 2446 1320 2512 condiuntur.

196 2546 298 2613 Fiunt
325 2558 357 2613 et
386 2571 559 2636 praecoces
585 2549 720 2614 ferventi
742 2571 826 2633 aqua
846 2549 998 2635 perfusae
1018 2547 1195 2634 quamlibet
1214 2549 1368 2615 inme-1⁷

197 2657 288 2713 turae
295 2672 304 2722 3
332 2649 513 2732 mirumque
541 2649 666 2714 dulcem
689 2671 803 2715 sucum
824 2652 924 2716 olivas
946 2650 1056 2717 bibere
1077 2661 1110 2716 et
1134 2650 1238 2716 alieno
1265 2673 1320 2717 sa·

196 2769 274 2833 pore
295 2747 392 2814 infici.
428 2750 619 2836 Purpureae
641 2760 717 2814 sunt
738 2751 842 2816 ethis
862 2763 900 2816 ut
920 2752 1004 2832 uvis,
1026 2752 1061 2817 in
1081 2752 1211 2841 nigrum
1233 2751 1321 2817 colo-

196 2871 265 2914 rem
287 2853 526 2925 transeuntibus
547 2851 657 2939 posiis.
680 2850 763 2918 Srmt
785 2863 819 2917 et
840 2855 998 2940 superbae
1012 2864 1141 2941 praeter
1154 2854 1219 2918 iam
1232 2853 1322 2920 dicta

231 3023 246 3085 ς
261 3030 300 3074 14.
318 3026 440 3089 pravitati
453 3028 523 3088 ratio,
536 3029 559 3077 d.
581 3026 706 3091 parvitati,
721 3027 789 3077 Pint.
809 3068 840 3076 ..
857 3025 1011 3088 suavitatem,
1023 3029 1113 3079 Deles.
1132 3070 1164 3078 -
1182 3028 1252 3092 copia
1267 3043 1320 3076 ma·

197 3092 324 3152 toritatem,
341 3111 364 3144 a.
384 3137 415 3145 ..
435 3095 557 3157 tarditate,
568 3096 658 3146 Dalec.
676 3135 708 3144 -
723 3094 876 3159 putrescenti,
888 3111 911 3145 a.
930 3136 962 3144 ..
980 3111 1088 3158 amurca,
1104 3098 1129 3146 d.
1147 3137 1179 3147 ..
1198 3095 1318 3157 bermar.

196 3175 271 3221 mora,
283 3162 300 3210 d
312 3158 397 3223 (codd.
411 3161 482 3226 Gal.)
493 3159 515 3226 β
519 3177 544 3227 7.

230 3247 245 3310 ᾖ
259 3250 298 3296 15.
316 3244 385 3308 victa,
401 3240 498 3298 orca.
517 3289 549 3298 ..
568 3247 748 3296 ιτὶςῑύηαηέίωη
756 3248 898 3312 messmam
910 3262 969 3308 cam,
980 3263 1004 3297 a
1022 3244 1175 3298 marcradi
1183 3261 1235 3296 cam
1243 3262 1321 3310 prac-

195 3312 289 3374 sertim
305 3315 359 3364 Td.
380 3314 453 3365 Idem
470 3317 497 3366 in
517 3310 632 3365 eluisse
647 3316 753 3365 videtur.
773 3355 805 3364 ..
823 3331 882 3375 aaa,
899 3317 982 3365 omitt.
998 3319 1042 3366 ad.
1061 3356 1093 3366 ..
1115 3316 1158 3375 ab,
1174 3329 1224 3363 om.
1241 3330 1264 3362 a.
1283 3355 1318 3364 ...

195 3379 315 3428 maiorica
330 3389 353 3428 et
368 3383 407 3440 ab,
425 3384 469 3433 ad.
489 3424 520 3432 ..
539 3381 664 3446 phauliae,
680 3383 814 3447 Theophr.
831 3385 863 3432 de
874 3397 942 3432 caus.
954 3385 989 3447 pl.
1002 3384 1051 3434 VI.
1064 3391 1087 3443 8,
1102 3389 1124 3434 5.
1145 3379 1259 3441 dammae,
1272 3383 1319 3432 ad.

196 3487 229 3497 ..
246 3447 405 3511 yratmsimae,
418 3452 453 3498 a'.
473 3490 504 3500 -
523 3449 616 3514 capam,
630 3452 654 3499 d.
677 3451 757 3514 apori,
770 3466 793 3500 a.
813 3489 842 3498 ..
861 3450 962 3499 maiores
973 3466 1053 3515 carae,
1070 3450 1118 3501 aleo
1129 3456 1213 3509 raama,
1224 3449 1320 3499 Dalec.

229 3534 298 3597 §ld
321 3548 426 3596 causam,
442 3551 465 3584 a.
488 3550 545 3596 rem,
563 3534 617 3585 Td.
636 3575 668 3584 -
688 3533 918 3598 priaau'm,'1¹adr.
938 3535 1049 3599 primam,
1064 3532 1094 3599 β.
1113 3577 1145 3586 ..
1167 3529 1319 3595 condiantur,

195 3599 269 3651 Tac.
286 3598 434 3664 condiantur,
444 3598 495 3668 βγ.
513 3644 545 3652 ..
564 3601 664 3667 reliqua,
677 3604 701 3652 d.
720 3644 752 3653 -
769 3602 857 3665 maria,
868 3604 903 3655 K
924 3603 956 3654 Id
967 3606 1126 3670 probandum
1136 3603 1242 3660 ridetur,
1260 3617 1320 3652 cum

195 3683 313 3720 amurcae
329 3670 417 3720 nullus
434 3673 466 3722 sit
482 3672 525 3722 hic
540 3673 621 3722 locus.
641 3712 673 3721 ..
692 3677 715 3720 et
729 3670 787 3732 siae,
803 3672 854 3722 Ta.
877 3671 966 3734 eistad
981 3670 1067 3736 (codd.
1083 3667 1204 3732 Barbari)
1215 3664 1267 3734 βγ.
1285 3709 1318 3720 .-

194 3736 318 3799 arcessita,
331 3739 355 3787 d.
373 3738 530 3801 aruritae.
548 3738 671 3799 accersita,
683 3741 757 3790 codd.
769 3741 883 3801 Barbari,
894 3734 924 3800 β.
943 3779 975 3790 ..
993 3755 1080 3804 purae,
1096 3740 1136 3788 ad
1152 3735 1239 3801 (codd.
1254 3739 1319 3789 Bar-

194 3801 270 3868 bari.)
289 3804 493 3856 commendatione.
505 3806 612 3869 Mariae,
623 3807 712 3865 Dalec.
724 3821 749 3872 r.
771 3807 809 3858 At
825 3808 892 3858 Plr'u
909 3809 936 3858 h.
953 3810 970 3859 l.
988 3809 1053 3859 alios
1068 3807 1153 3858 fontes
1168 3812 1269 3856 secutas
1281 3812 1320 3855 est

195 3886 273 3936 quam
289 3874 435 3925 Columella
451 3874 514 3926 XII.
527 3881 573 3937 49,
587 3882 610 3926 8.
629 3915 662 3925 -
684 3873 804 3938 innateat,
820 3877 844 3925 d.
867 3874 985 3926 innatant.
1005 3871 1159 3941 colymbades
1166 3874 1321 3939 fraapuatar

195 3939 334 4006 eaedemque
346 3941 479 4006 herbarum,
491 3960 511 3993 r.
529 3982 562 3992 ..
580 3940 670 4005 eadem,
683 3944 728 3994 ad.

228 4027 297 4088 §la
321 4023 468 4090 oliaas,om.
485 4030 509 4078 d.
527 4068 559 4079 ...
582 4026 627 4088 tis,
644 4045 669 4078 a.
691 4027 716 4077 ia
733 4026 771 4090 its,
784 4023 855 4092 ᾶβγ.
878 4027 1032 4091 a'a's,Barbar.
1050 4068 1082 4079 ..
1106 4044 1167 4078 uvae
1182 4027 1208 4078 ia
1224 4025 1320 4093 aipmm

195 4088 238 4140 col.
252 4099 406 4158 transeuntes,
417 4097 451 4147 Κ.
468 4137 500 4146 ..
517 4095 599 4160 posta,
612 4096 664 4147 Td.
681 4095 773 4160 posiae,
783 4096 889 4148 Barbar.
902 4113 925 4146 a.
939 4096 1050 4161 pausiae,
1061 4091 1113 4162 βγ.

229 4174 244 4235 ξ
259 4180 297 4226 18.
318 4177 498 4243 pinyaitudr'ais,
511 4181 569 4232 a²d.
589 4179 744 4246 piapm'dinir,
756 4183 792 4230 α’.
812 4179 973 4245 piaquedim's,
984 4197 1004 4231 r.
1023 4221 1055 4231 -
1077 4178 1177 4242 commo,
1192 4173 1215 4227 θ
1230 4175 1319 4240 (codd.

110 4253 117 4258 '
194 4240 322 4307 Barbari.)
348 4246 449 4309 concise,
467 4265 490 4298 a.
516 4249 634 4311 concuae,
650 4265 670 4299 r.
697 4248 817 4312 intercisa,
832 4250 885 4300 Td.
908 4290 939 4300 ..
964 4248 1067 4314 accepit,
1083 4265 1103 4298 r.
1127 4289 1159 4298 ...
1185 4245 1319 4309 medabam,
