<?xml version="1.0" encoding="UTF-8"?>
<!DOCTYPE html PUBLIC "-//W3C//DTD XHTML 1.0 Transitional//EN"
    "http://www.w3.org/TR/xhtml1/DTD/xhtml1-transitional.dtd">
<html xmlns="http://www.w3.org/1999/xhtml" xml:lang="en" lang="en">
 <head>
  <title>
</title>
<meta http-equiv="Content-Type" content="text/html;charset=utf-8" />
  <meta name='ocr-system' content='tesseract 3.04.00' />
  <meta name='ocr-capabilities' content='ocr_page ocr_carea ocr_par ocr_line ocrx_word'/>
</head>
<body>
  <div class='ocr_page' id='page_1' title='image "./cplinisecundina09plingoog_0441.png"; bbox 0 0 2896 4800; ppageno 0'>
   <div class='ocr_carea' id='block_1_1' title="bbox 139 229 912 295">
    <p class='ocr_par' dir='ltr' id='par_1_1' title="bbox 139 229 912 295">
     <span class='ocr_line' id='line_1_1' title="bbox 139 229 912 295; baseline -0.009 0"><span class='ocrx_word' id='word_1_1' title='bbox 139 229 202 295; x_wconf 81' lang='lat'>426</span> <span class='ocrx_word' id='word_1_2' title='bbox 492 241 696 290; x_wconf 66' lang='lat' dir='ltr'>neruosus</span> <span class='ocrx_word' id='word_1_3' title='bbox 717 239 912 289; x_wconf 75' lang='lat' dir='ltr'>mesonma</span> 
     </span>
    </p>
   </div>
   <div class='ocr_carea' id='block_1_2' title="bbox 15 390 1260 481">
    <p class='ocr_par' dir='ltr' id='par_1_2' title="bbox 15 390 1260 481">
     <span class='ocr_line' id='line_1_2' title="bbox 15 390 1260 481; baseline -0.002 -21"><span class='ocrx_word' id='word_1_4' title='bbox 15 408 19 413; x_wconf 84' lang='lat'>&#39;</span> <span class='ocrx_word' id='word_1_5' title='bbox 139 417 204 462; x_wconf 91' lang='lat' dir='ltr'>non</span> <span class='ocrx_word' id='word_1_6' title='bbox 224 394 314 462; x_wconf 88' lang='lat' dir='ltr'>aliud</span> <span class='ocrx_word' id='word_1_7' title='bbox 334 404 501 481; x_wconf 71' lang='lat' dir='ltr'>potorum</span> <span class='ocrx_word' id='word_1_8' title='bbox 523 415 585 460; x_wconf 89' lang='lat' dir='ltr'>neo</span> <span class='ocrx_word' id='word_1_9' title='bbox 605 392 792 479; x_wconf 86' lang='lat' dir='ltr'>negaverim</span> <span class='ocrx_word' id='word_1_10' title='bbox 813 403 847 457; x_wconf 90' lang='lat' dir='ltr'>et</span> <span class='ocrx_word' id='word_1_11' title='bbox 867 391 930 458; x_wconf 83' lang='lat' dir='ltr'>alia</span> <span class='ocrx_word' id='word_1_12' title='bbox 950 390 1051 477; x_wconf 81' lang='lat' dir='ltr'>digna</span> <span class='ocrx_word' id='word_1_13' title='bbox 1066 412 1138 457; x_wconf 88' lang='lat' dir='ltr'>esse</span> <span class='ocrx_word' id='word_1_14' title='bbox 1152 391 1260 468; x_wconf 81' lang='lat' dir='ltr'>foma3</span> 
     </span>
    </p>
   </div>
   <div class='ocr_carea' id='block_1_3' title="bbox 137 492 1309 2609">
    <p class='ocr_par' dir='ltr' id='par_1_3' title="bbox 139 492 1142 581">
     <span class='ocr_line' id='line_1_3' title="bbox 139 492 1142 581; baseline -0.005 -18"><span class='ocrx_word' id='word_1_15' title='bbox 139 497 260 563; x_wconf 83' lang='lat' dir='ltr'>sedda</span> <span class='ocrx_word' id='word_1_16' title='bbox 281 495 399 581; x_wconf 90' lang='lat' dir='ltr'>quibus</span> <span class='ocrx_word' id='word_1_17' title='bbox 421 516 597 563; x_wconf 90' lang='lat' dir='ltr'>oonsensus</span> <span class='ocrx_word' id='word_1_18' title='bbox 618 493 690 560; x_wconf 83' lang='lat' dir='ltr'>aevi</span> <span class='ocrx_word' id='word_1_19' title='bbox 711 493 934 573; x_wconf 76' lang='lat' dir='ltr'>iudicaverint,</span> <span class='ocrx_word' id='word_1_20' title='bbox 955 492 1036 559; x_wconf 83' lang='lat' dir='ltr'>haee</span> <span class='ocrx_word' id='word_1_21' title='bbox 1057 502 1142 558; x_wconf 82' lang='lat' dir='ltr'>sunt.</span> 
     </span>
    </p>

    <p class='ocr_par' dir='ltr' id='par_1_4' title="bbox 137 593 1309 2609">
     <span class='ocr_line' id='line_1_4' title="bbox 181 593 1309 666; baseline -0.006 -1"><span class='ocrx_word' id='word_1_22' title='bbox 181 597 259 666; x_wconf 89' lang='lat' dir='ltr'><strong>VII.</strong></span> <span class='ocrx_word' id='word_1_23' title='bbox 281 600 312 663; x_wconf 84' lang='grc'>9.</span> <span class='ocrx_word' id='word_1_24' title='bbox 333 597 431 663; x_wconf 90' lang='lat' dir='ltr'>Nune</span> <span class='ocrx_word' id='word_1_25' title='bbox 452 596 548 662; x_wconf 82' lang='lat' dir='ltr'>simili</span> <span class='ocrx_word' id='word_1_26' title='bbox 568 596 664 662; x_wconf 93' lang='lat' dir='ltr'>modo</span> <span class='ocrx_word' id='word_1_27' title='bbox 680 596 893 661; x_wconf 86' lang='lat' dir='ltr'>transmarina</span> <span class='ocrx_word' id='word_1_28' title='bbox 907 594 1060 660; x_wconf 78' lang='lat' dir='ltr'>dicemus.</span> <span class='ocrx_word' id='word_1_29' title='bbox 1080 593 1121 658; x_wconf 92' lang='lat' dir='ltr'>In</span> <span class='ocrx_word' id='word_1_30' title='bbox 1134 615 1262 660; x_wconf 80' lang='lat' dir='ltr'>summa</span> <span class='ocrx_word' id='word_1_31' title='bbox 1277 609 1309 658; x_wconf 84' lang='lat' dir='ltr'>te</span> 
     </span>
     <span class='ocr_line' id='line_1_5' title="bbox 138 695 1261 787; baseline -0.004 -21"><span class='ocrx_word' id='word_1_32' title='bbox 138 700 241 787; x_wconf 83' lang='lat' dir='ltr'>gloria</span> <span class='ocrx_word' id='word_1_33' title='bbox 267 709 343 786; x_wconf 89' lang='lat' dir='ltr'>post</span> <span class='ocrx_word' id='word_1_34' title='bbox 362 698 537 765; x_wconf 77' lang='lat' dir='ltr'>Homerios</span> <span class='ocrx_word' id='word_1_35' title='bbox 557 697 623 778; x_wconf 86' lang='lat' dir='ltr'>illa,</span> <span class='ocrx_word' id='word_1_36' title='bbox 653 698 694 763; x_wconf 86' lang='lat' dir='ltr'>de</span> <span class='ocrx_word' id='word_1_37' title='bbox 720 697 838 782; x_wconf 91' lang='lat' dir='ltr'>quibus</span> <span class='ocrx_word' id='word_1_38' title='bbox 864 718 962 783; x_wconf 85' lang='lat' dir='ltr'>supra</span> <span class='ocrx_word' id='word_1_39' title='bbox 987 695 1138 775; x_wconf 82' lang='lat' dir='ltr'>diximus,</span> <span class='ocrx_word' id='word_1_40' title='bbox 1167 696 1261 762; x_wconf 84' lang='lat' dir='ltr'>fuero</span> 
     </span>
     <span class='ocr_line' id='line_1_6' title="bbox 138 796 1262 885; baseline -0.003 -20"><span class='ocrx_word' id='word_1_41' title='bbox 138 799 295 866; x_wconf 86' lang='lat' dir='ltr'>Thasium</span> <span class='ocrx_word' id='word_1_42' title='bbox 324 797 519 885; x_wconf 84' lang='lat' dir='ltr'>Chiumque,</span> <span class='ocrx_word' id='word_1_43' title='bbox 553 820 594 865; x_wconf 88' lang='lat' dir='ltr'>ex</span> <span class='ocrx_word' id='word_1_44' title='bbox 621 796 706 864; x_wconf 88' lang='lat' dir='ltr'>Chio</span> <span class='ocrx_word' id='word_1_45' title='bbox 739 798 827 882; x_wconf 91' lang='lat' dir='ltr'>quod</span> <span class='ocrx_word' id='word_1_46' title='bbox 851 797 1020 863; x_wconf 87' lang='lat' dir='ltr'>Arvisium</span> <span class='ocrx_word' id='word_1_47' title='bbox 1045 812 1176 873; x_wconf 69' lang='lat' dir='ltr'>vocant,</span> <span class='ocrx_word' id='word_1_48' title='bbox 1209 797 1262 862; x_wconf 89' lang='lat' dir='ltr'>his</span> 
     </span>
     <span class='ocr_line' id='line_1_7' title="bbox 137 898 1260 968; baseline -0.004 -2"><span class='ocrx_word' id='word_1_49' title='bbox 137 901 262 967; x_wconf 77' lang='lat' dir='ltr'>addidit</span> <span class='ocrx_word' id='word_1_50' title='bbox 281 899 440 968; x_wconf 86' lang='lat' dir='ltr'>Lesbium</span> <span class='ocrx_word' id='word_1_51' title='bbox 460 899 649 966; x_wconf 76' lang='lat' dir='ltr'>Erasistrati</span> <span class='ocrx_word' id='word_1_52' title='bbox 677 900 819 964; x_wconf 81' lang='lat' dir='ltr'>maxumi</span> <span class='ocrx_word' id='word_1_53' title='bbox 847 898 964 965; x_wconf 85' lang='lat' dir='ltr'>medici</span> <span class='ocrx_word' id='word_1_54' title='bbox 992 898 1166 964; x_wconf 88' lang='lat' dir='ltr'>auotoritas</span> <span class='ocrx_word' id='word_1_55' title='bbox 1195 898 1260 963; x_wconf 91' lang='lat' dir='ltr'>oir-</span> 
     </span>
     <span class='ocr_line' id='line_1_8' title="bbox 138 999 1262 1088; baseline -0.003 -20"><span class='ocrx_word' id='word_1_56' title='bbox 138 1002 218 1069; x_wconf 87' lang='lat' dir='ltr'>oiter</span> <span class='ocrx_word' id='word_1_57' title='bbox 238 1023 347 1068; x_wconf 78' lang='lat' dir='ltr'>oooon.</span> <span class='ocrx_word' id='word_1_58' title='bbox 369 1024 489 1068; x_wconf 87' lang='lat' dir='ltr'>annum</span> <span class='ocrx_word' id='word_1_59' title='bbox 514 1001 605 1068; x_wconf 89' lang='lat' dir='ltr'>urbis</span> <span class='ocrx_word' id='word_1_60' title='bbox 627 1001 761 1067; x_wconf 86' lang='lat' dir='ltr'>Romae.</span> <span class='ocrx_word' id='word_1_61' title='bbox 796 999 893 1067; x_wconf 87' lang='lat' dir='ltr'>Nono</span> <span class='ocrx_word' id='word_1_62' title='bbox 920 1000 1024 1088; x_wconf 83' lang='lat' dir='ltr'>gratia</span> <span class='ocrx_word' id='word_1_63' title='bbox 1051 1009 1126 1065; x_wconf 87' lang='lat' dir='ltr'>ante</span> <span class='ocrx_word' id='word_1_64' title='bbox 1152 999 1262 1065; x_wconf 85' lang='lat' dir='ltr'>omnia</span> 
     </span>
     <span class='ocr_line' id='line_1_9' title="bbox 138 1099 1307 1190; baseline -0.007 -20"><span class='ocrx_word' id='word_1_65' title='bbox 138 1112 189 1170; x_wconf 87' lang='lat' dir='ltr'>ost</span> <span class='ocrx_word' id='word_1_66' title='bbox 211 1101 428 1184; x_wconf 80' lang='lat' dir='ltr'>Clazomenio,</span> <span class='ocrx_word' id='word_1_67' title='bbox 456 1114 627 1190; x_wconf 87' lang='lat' dir='ltr'>postquam</span> <span class='ocrx_word' id='word_1_68' title='bbox 647 1104 777 1190; x_wconf 80' lang='lat' dir='ltr'>parcius</span> <span class='ocrx_word' id='word_1_69' title='bbox 799 1103 879 1167; x_wconf 89' lang='lat' dir='ltr'>mari</span> <span class='ocrx_word' id='word_1_70' title='bbox 900 1102 1065 1168; x_wconf 82' lang='lat' dir='ltr'>condiunt.</span> <span class='ocrx_word' id='word_1_71' title='bbox 1099 1099 1260 1168; x_wconf 88' lang='lat' dir='ltr'>Lesbium</span> <span class='ocrx_word' id='word_1_72' title='bbox 1274 1114 1307 1163; x_wconf 80' lang='lat'>74</span> 
     </span>
     <span class='ocr_line' id='line_1_10' title="bbox 138 1201 1260 1292; baseline -0.003 -21"><span class='ocrx_word' id='word_1_73' title='bbox 138 1215 253 1292; x_wconf 81' lang='lat' dir='ltr'>sponte</span> <span class='ocrx_word' id='word_1_74' title='bbox 272 1216 408 1272; x_wconf 85' lang='lat' dir='ltr'>naturae</span> <span class='ocrx_word' id='word_1_75' title='bbox 430 1228 508 1271; x_wconf 88' lang='lat' dir='ltr'>suae</span> <span class='ocrx_word' id='word_1_76' title='bbox 527 1227 617 1271; x_wconf 88' lang='lat' dir='ltr'>mare</span> <span class='ocrx_word' id='word_1_77' title='bbox 639 1204 740 1291; x_wconf 85' lang='lat' dir='ltr'>sapit3</span> <span class='ocrx_word' id='word_1_78' title='bbox 776 1226 837 1271; x_wconf 89' lang='lat' dir='ltr'>neo</span> <span class='ocrx_word' id='word_1_79' title='bbox 858 1203 990 1269; x_wconf 81' lang='lat' dir='ltr'>Tmoliti</span> <span class='ocrx_word' id='word_1_80' title='bbox 1015 1224 1130 1289; x_wconf 91' lang='lat' dir='ltr'>perse</span> <span class='ocrx_word' id='word_1_81' title='bbox 1151 1201 1260 1291; x_wconf 80' lang='lat' dir='ltr'>gratia</span> 
     </span>
     <span class='ocr_line' id='line_1_11' title="bbox 137 1303 1258 1389; baseline -0.003 -17"><span class='ocrx_word' id='word_1_82' title='bbox 137 1317 175 1372; x_wconf 87' lang='lat' dir='ltr'>ut</span> <span class='ocrx_word' id='word_1_83' title='bbox 194 1306 271 1373; x_wconf 80' lang='lat' dir='ltr'>vino</span> <span class='ocrx_word' id='word_1_84' title='bbox 298 1307 356 1372; x_wconf 90' lang='lat' dir='ltr'>sed</span> <span class='ocrx_word' id='word_1_85' title='bbox 378 1307 470 1372; x_wconf 88' lang='lat' dir='ltr'>ouius</span> <span class='ocrx_word' id='word_1_86' title='bbox 492 1304 580 1372; x_wconf 84' lang='lat' dir='ltr'>dulei</span> <span class='ocrx_word' id='word_1_87' title='bbox 607 1305 751 1370; x_wconf 76' lang='lat' dir='ltr'>admixto</span> <span class='ocrx_word' id='word_1_88' title='bbox 776 1304 973 1389; x_wconf 90' lang='lat' dir='ltr'>reliquorum</span> <span class='ocrx_word' id='word_1_89' title='bbox 999 1303 1119 1368; x_wconf 88' lang='lat' dir='ltr'>duritia</span> <span class='ocrx_word' id='word_1_90' title='bbox 1146 1303 1258 1369; x_wconf 86' lang='lat' dir='ltr'>suavi·</span> 
     </span>
     <span class='ocr_line' id='line_1_12' title="bbox 138 1404 1259 1493; baseline -0.002 -19"><span class='ocrx_word' id='word_1_91' title='bbox 138 1418 237 1474; x_wconf 81' lang='lat' dir='ltr'>tatem</span> <span class='ocrx_word' id='word_1_92' title='bbox 263 1408 428 1493; x_wconf 74' lang='lat' dir='ltr'>accipiat,</span> <span class='ocrx_word' id='word_1_93' title='bbox 442 1406 537 1471; x_wconf 89' lang='lat' dir='ltr'>simul</span> <span class='ocrx_word' id='word_1_94' title='bbox 563 1416 597 1471; x_wconf 89' lang='lat' dir='ltr'>et</span> <span class='ocrx_word' id='word_1_95' title='bbox 622 1416 769 1485; x_wconf 78' lang='lat' dir='ltr'>aetatem,</span> <span class='ocrx_word' id='word_1_96' title='bbox 804 1405 955 1489; x_wconf 88' lang='lat' dir='ltr'>quoniam</span> <span class='ocrx_word' id='word_1_97' title='bbox 979 1404 1155 1471; x_wconf 82' lang='lat' dir='ltr'>vetustiora</span> <span class='ocrx_word' id='word_1_98' title='bbox 1181 1428 1259 1491; x_wconf 92' lang='lat' dir='ltr'>pro·</span> 
     </span>
     <span class='ocr_line' id='line_1_13' title="bbox 139 1504 1260 1592; baseline -0.002 -18"><span class='ocrx_word' id='word_1_99' title='bbox 139 1509 224 1574; x_wconf 88' lang='lat' dir='ltr'>tinus</span> <span class='ocrx_word' id='word_1_100' title='bbox 249 1508 409 1573; x_wconf 83' lang='lat' dir='ltr'>videntur.</span> <span class='ocrx_word' id='word_1_101' title='bbox 441 1505 497 1571; x_wconf 88' lang='lat' dir='ltr'>Ab</span> <span class='ocrx_word' id='word_1_102' title='bbox 518 1505 569 1571; x_wconf 90' lang='lat' dir='ltr'>his</span> <span class='ocrx_word' id='word_1_103' title='bbox 590 1506 735 1592; x_wconf 82' lang='lat' dir='ltr'>dignatio</span> <span class='ocrx_word' id='word_1_104' title='bbox 755 1518 806 1572; x_wconf 85' lang='lat' dir='ltr'>est</span> <span class='ocrx_word' id='word_1_105' title='bbox 827 1504 990 1592; x_wconf 79' lang='lat' dir='ltr'>Sicyonio,</span> <span class='ocrx_word' id='word_1_106' title='bbox 1018 1504 1153 1592; x_wconf 85' lang='lat' dir='ltr'>Cyprio,</span> <span class='ocrx_word' id='word_1_107' title='bbox 1181 1505 1260 1572; x_wconf 86' lang='lat' dir='ltr'>Tel·</span> 
     </span>
     <span class='ocr_line' id='line_1_14' title="bbox 138 1604 1260 1693; baseline -0.001 -20"><span class='ocrx_word' id='word_1_108' title='bbox 138 1608 261 1686; x_wconf 91' lang='lat' dir='ltr'>misioo,</span> <span class='ocrx_word' id='word_1_109' title='bbox 283 1607 483 1693; x_wconf 85' lang='lat' dir='ltr'>Tripolitioo‚</span> <span class='ocrx_word' id='word_1_110' title='bbox 504 1604 648 1691; x_wconf 86' lang='lat' dir='ltr'>Berytio,</span> <span class='ocrx_word' id='word_1_111' title='bbox 671 1606 781 1692; x_wconf 75' lang='lat' dir='ltr'>Tyrio,</span> <span class='ocrx_word' id='word_1_112' title='bbox 797 1605 1033 1693; x_wconf 84' lang='lat' dir='ltr'>Sebennytioo;</span> <span class='ocrx_word' id='word_1_113' title='bbox 1055 1605 1260 1693; x_wconf 83' lang='lat' dir='ltr'>inAegypto</span> 
     </span>
     <span class='ocr_line' id='line_1_15' title="bbox 137 1706 1259 1797; baseline -0.002 -24"><span class='ocrx_word' id='word_1_114' title='bbox 137 1709 201 1774; x_wconf 92' lang='lat' dir='ltr'>hoo</span> <span class='ocrx_word' id='word_1_115' title='bbox 221 1709 366 1775; x_wconf 80' lang='lat' dir='ltr'>nascitur</span> <span class='ocrx_word' id='word_1_116' title='bbox 386 1708 490 1775; x_wconf 87' lang='lat' dir='ltr'>tribus</span> <span class='ocrx_word' id='word_1_117' title='bbox 511 1708 685 1797; x_wconf 79' lang='lat' dir='ltr'>generibus</span> <span class='ocrx_word' id='word_1_118' title='bbox 705 1731 841 1775; x_wconf 84' lang='lat' dir='ltr'>uvarum</span> <span class='ocrx_word' id='word_1_119' title='bbox 862 1707 909 1775; x_wconf 93' lang='lat' dir='ltr'>ibi</span> <span class='ocrx_word' id='word_1_120' title='bbox 929 1708 1148 1785; x_wconf 87' lang='lat' dir='ltr'>nobilissimis,</span> <span class='ocrx_word' id='word_1_121' title='bbox 1169 1706 1259 1771; x_wconf 84' lang='lat' dir='ltr'>Tha·</span> 
     </span>
     <span class='ocr_line' id='line_1_16' title="bbox 139 1807 1305 1898; baseline -0.003 -22"><span class='ocrx_word' id='word_1_122' title='bbox 139 1811 202 1889; x_wconf 86' lang='lat' dir='ltr'>sio,</span> <span class='ocrx_word' id='word_1_123' title='bbox 235 1810 377 1889; x_wconf 83' lang='lat' dir='ltr'>aethalo,</span> <span class='ocrx_word' id='word_1_124' title='bbox 409 1832 520 1898; x_wconf 89' lang='lat' dir='ltr'>peuoe.</span> <span class='ocrx_word' id='word_1_125' title='bbox 555 1809 637 1876; x_wconf 91' lang='lat' dir='ltr'>Post</span> <span class='ocrx_word' id='word_1_126' title='bbox 666 1810 747 1877; x_wconf 85' lang='lat' dir='ltr'>haee</span> <span class='ocrx_word' id='word_1_127' title='bbox 778 1812 952 1877; x_wconf 86' lang='lat' dir='ltr'>auotoritas</span> <span class='ocrx_word' id='word_1_128' title='bbox 982 1807 1257 1897; x_wconf 82' lang='lat' dir='ltr'>hippodamantio,</span> <span class='ocrx_word' id='word_1_129' title='bbox 1274 1825 1305 1873; x_wconf 79' lang='lat' dir='ltr'>rs</span> 
     </span>
     <span class='ocr_line' id='line_1_17' title="bbox 138 1909 1258 2000; baseline -0.001 -23"><span class='ocrx_word' id='word_1_130' title='bbox 138 1910 298 1996; x_wconf 81' lang='lat' dir='ltr'>Mystico,</span> <span class='ocrx_word' id='word_1_131' title='bbox 337 1911 550 1992; x_wconf 84' lang='lat' dir='ltr'>cantharitae,</span> <span class='ocrx_word' id='word_1_132' title='bbox 589 1922 742 2000; x_wconf 88' lang='lat' dir='ltr'>protropo</span> <span class='ocrx_word' id='word_1_133' title='bbox 765 1909 894 1991; x_wconf 85' lang='lat' dir='ltr'>Cnidio,</span> <span class='ocrx_word' id='word_1_134' title='bbox 923 1909 1258 1988; x_wconf 81' lang='lat' dir='ltr'>(lataoeooumenitae,</span> 
     </span>
     <span class='ocr_line' id='line_1_18' title="bbox 138 2010 1259 2101; baseline 0 -24"><span class='ocrx_word' id='word_1_135' title='bbox 138 2010 291 2095; x_wconf 75' lang='lat' dir='ltr'>Petritae,</span> <span class='ocrx_word' id='word_1_136' title='bbox 324 2013 494 2101; x_wconf 83' lang='lat' dir='ltr'>Myooni03</span> <span class='ocrx_word' id='word_1_137' title='bbox 527 2036 603 2078; x_wconf 83' lang='lat' dir='ltr'>nam</span> <span class='ocrx_word' id='word_1_138' title='bbox 627 2013 815 2101; x_wconf 84' lang='lat' dir='ltr'>Mesogiten</span> <span class='ocrx_word' id='word_1_139' title='bbox 846 2014 962 2101; x_wconf 84' lang='lat' dir='ltr'>eapitis</span> <span class='ocrx_word' id='word_1_140' title='bbox 994 2014 1121 2080; x_wconf 88' lang='lat' dir='ltr'>dolores</span> <span class='ocrx_word' id='word_1_141' title='bbox 1151 2013 1259 2078; x_wconf 79' lang='lat' dir='ltr'>faeere</span> 
     </span>
     <span class='ocr_line' id='line_1_19' title="bbox 139 2113 1260 2201; baseline -0.002 -21"><span class='ocrx_word' id='word_1_142' title='bbox 139 2125 327 2199; x_wconf 81' lang='lat' dir='ltr'>conpertum</span> <span class='ocrx_word' id='word_1_143' title='bbox 348 2127 398 2180; x_wconf 91' lang='lat' dir='ltr'>est</span> <span class='ocrx_word' id='word_1_144' title='bbox 418 2137 479 2181; x_wconf 92' lang='lat' dir='ltr'>neo</span> <span class='ocrx_word' id='word_1_145' title='bbox 499 2113 680 2201; x_wconf 84' lang='lat' dir='ltr'>Ephesium</span> <span class='ocrx_word' id='word_1_146' title='bbox 702 2115 829 2182; x_wconf 84' lang='lat' dir='ltr'>salubre</span> <span class='ocrx_word' id='word_1_147' title='bbox 850 2138 934 2193; x_wconf 85' lang='lat' dir='ltr'>esse,</span> <span class='ocrx_word' id='word_1_148' title='bbox 956 2114 1110 2199; x_wconf 83' lang='lat' dir='ltr'>quoniam</span> <span class='ocrx_word' id='word_1_149' title='bbox 1125 2114 1206 2179; x_wconf 84' lang='lat' dir='ltr'>mari</span> <span class='ocrx_word' id='word_1_150' title='bbox 1225 2124 1260 2180; x_wconf 90' lang='lat' dir='ltr'>et</span> 
     </span>
     <span class='ocr_line' id='line_1_20' title="bbox 138 2214 1259 2304; baseline 0 -23"><span class='ocrx_word' id='word_1_151' title='bbox 138 2214 267 2281; x_wconf 83' lang='lat' dir='ltr'>defruto</span> <span class='ocrx_word' id='word_1_152' title='bbox 301 2216 476 2282; x_wconf 82' lang='lat' dir='ltr'>condiatur.</span> <span class='ocrx_word' id='word_1_153' title='bbox 513 2214 720 2302; x_wconf 86' lang='lat' dir='ltr'>Apamenum</span> <span class='ocrx_word' id='word_1_154' title='bbox 752 2217 857 2283; x_wconf 91' lang='lat' dir='ltr'>mulso</span> <span class='ocrx_word' id='word_1_155' title='bbox 890 2216 1063 2304; x_wconf 82' lang='lat' dir='ltr'>praecipue</span> <span class='ocrx_word' id='word_1_156' title='bbox 1089 2215 1259 2282; x_wconf 79' lang='lat' dir='ltr'>convenire</span> 
     </span>
     <span class='ocr_line' id='line_1_21' title="bbox 138 2315 1258 2404; baseline 0 -22"><span class='ocrx_word' id='word_1_157' title='bbox 138 2315 267 2397; x_wconf 86' lang='lat' dir='ltr'>dieitur,</span> <span class='ocrx_word' id='word_1_158' title='bbox 295 2318 377 2384; x_wconf 89' lang='lat' dir='ltr'>siout</span> <span class='ocrx_word' id='word_1_159' title='bbox 402 2317 605 2384; x_wconf 86' lang='lat' dir='ltr'>Praetutium</span> <span class='ocrx_word' id='word_1_160' title='bbox 625 2318 660 2382; x_wconf 90' lang='lat' dir='ltr'>in</span> <span class='ocrx_word' id='word_1_161' title='bbox 680 2317 792 2394; x_wconf 80' lang='lat' dir='ltr'>Italia3</span> <span class='ocrx_word' id='word_1_162' title='bbox 826 2328 876 2385; x_wconf 85' lang='lat' dir='ltr'>ost</span> <span class='ocrx_word' id='word_1_163' title='bbox 903 2318 988 2385; x_wconf 91' lang='lat' dir='ltr'>enim</span> <span class='ocrx_word' id='word_1_164' title='bbox 1015 2316 1154 2384; x_wconf 88' lang='lat' dir='ltr'>ethaeo</span> <span class='ocrx_word' id='word_1_165' title='bbox 1180 2339 1258 2404; x_wconf 90' lang='lat' dir='ltr'>pro-</span> 
     </span>
     <span class='ocr_line' id='line_1_22' title="bbox 138 2416 1305 2508; baseline 0 -25"><span class='ocrx_word' id='word_1_166' title='bbox 138 2418 259 2503; x_wconf 89' lang='lat' dir='ltr'>prietas</span> <span class='ocrx_word' id='word_1_167' title='bbox 280 2441 451 2506; x_wconf 81' lang='lat' dir='ltr'>generum:</span> <span class='ocrx_word' id='word_1_168' title='bbox 475 2419 582 2485; x_wconf 86' lang='lat' dir='ltr'>duloia</span> <span class='ocrx_word' id='word_1_169' title='bbox 602 2419 714 2504; x_wconf 89' lang='lat' dir='ltr'>utique</span> <span class='ocrx_word' id='word_1_170' title='bbox 733 2419 819 2486; x_wconf 87' lang='lat' dir='ltr'>inter</span> <span class='ocrx_word' id='word_1_171' title='bbox 839 2442 875 2486; x_wconf 89' lang='lat' dir='ltr'>se</span> <span class='ocrx_word' id='word_1_172' title='bbox 893 2442 959 2485; x_wconf 90' lang='lat' dir='ltr'>non</span> <span class='ocrx_word' id='word_1_173' title='bbox 973 2429 1163 2508; x_wconf 79' lang='lat' dir='ltr'>congruunt.</span> <span class='ocrx_word' id='word_1_174' title='bbox 1185 2416 1258 2484; x_wconf 83' lang='lat' dir='ltr'>Ex·</span> <span class='ocrx_word' id='word_1_175' title='bbox 1273 2429 1305 2478; x_wconf 75' lang='lat' dir='ltr'>to</span> 
     </span>
     <span class='ocr_line' id='line_1_23' title="bbox 138 2517 1258 2609; baseline 0.002 -25"><span class='ocrx_word' id='word_1_176' title='bbox 138 2517 238 2584; x_wconf 84' lang='lat' dir='ltr'>olevit</span> <span class='ocrx_word' id='word_1_177' title='bbox 264 2529 297 2585; x_wconf 92' lang='lat' dir='ltr'>et</span> <span class='ocrx_word' id='word_1_178' title='bbox 322 2521 494 2609; x_wconf 83' lang='lat' dir='ltr'>protagion</span> <span class='ocrx_word' id='word_1_179' title='bbox 516 2520 604 2604; x_wconf 85' lang='lat' dir='ltr'>qnod</span> <span class='ocrx_word' id='word_1_180' title='bbox 622 2519 744 2588; x_wconf 91' lang='lat' dir='ltr'>Italiois</span> <span class='ocrx_word' id='word_1_181' title='bbox 764 2543 961 2608; x_wconf 87' lang='lat' dir='ltr'>proxumum</span> <span class='ocrx_word' id='word_1_182' title='bbox 979 2522 1122 2587; x_wconf 78' lang='lat' dir='ltr'>fecerant</span> <span class='ocrx_word' id='word_1_183' title='bbox 1140 2520 1258 2586; x_wconf 82' lang='lat' dir='ltr'>Asela·</span> 
     </span>
    </p>
   </div>
   <div class='ocr_carea' id='block_1_4' title="bbox 139 2691 1260 2962">
    <p class='ocr_par' dir='ltr' id='par_1_5' title="bbox 139 2691 1260 2962">
     <span class='ocr_line' id='line_1_24' title="bbox 139 2691 1259 2759; baseline -0.002 -15"><span class='ocrx_word' id='word_1_184' title='bbox 139 2691 287 2744; x_wconf 83' lang='lat' dir='ltr'>loudaturus</span> <span class='ocrx_word' id='word_1_185' title='bbox 301 2692 388 2742; x_wconf 85' lang='lat' dir='ltr'>vinnm</span> <span class='ocrx_word' id='word_1_186' title='bbox 405 2693 469 2743; x_wconf 87' lang='lat' dir='ltr'>illud</span> <span class='ocrx_word' id='word_1_187' title='bbox 480 2694 589 2758; x_wconf 83' lang='lat' dir='ltr'>hospitis</span> <span class='ocrx_word' id='word_1_188' title='bbox 606 2691 650 2757; x_wconf 86' lang='lat' dir='ltr'>(de</span> <span class='ocrx_word' id='word_1_189' title='bbox 661 2695 737 2744; x_wconf 87' lang='lat' dir='ltr'>laude</span> <span class='ocrx_word' id='word_1_190' title='bbox 749 2696 818 2744; x_wconf 92' lang='lat' dir='ltr'>enim</span> <span class='ocrx_word' id='word_1_191' title='bbox 828 2710 970 2746; x_wconf 87' lang='lat' dir='ltr'>sermonem</span> <span class='ocrx_word' id='word_1_192' title='bbox 982 2710 1036 2747; x_wconf 88' lang='lat' dir='ltr'>esse</span> <span class='ocrx_word' id='word_1_193' title='bbox 1048 2697 1124 2746; x_wconf 84' lang='lat' dir='ltr'>docet</span> <span class='ocrx_word' id='word_1_194' title='bbox 1134 2693 1259 2759; x_wconf 83' lang='lat' dir='ltr'>particula</span> 
     </span>
     <span class='ocr_line' id='line_1_25' title="bbox 139 2754 1259 2833; baseline 0.004 -26"><span class='ocrx_word' id='word_1_195' title='bbox 139 2754 243 2833; x_wconf 66' lang='lat' dir='ltr'>quidun)</span> <span class='ocrx_word' id='word_1_196' title='bbox 264 2760 350 2808; x_wconf 82' lang='lat' dir='ltr'>statim</span> <span class='ocrx_word' id='word_1_197' title='bbox 370 2760 431 2810; x_wconf 82' lang='lat' dir='ltr'>dicit</span> <span class='ocrx_word' id='word_1_198' title='bbox 445 2762 592 2824; x_wconf 83' lang='lat' dir='ltr'>Angustum</span> <span class='ocrx_word' id='word_1_199' title='bbox 612 2769 700 2811; x_wconf 85' lang='lat' dir='ltr'>tamen</span> <span class='ocrx_word' id='word_1_200' title='bbox 723 2776 779 2813; x_wconf 90' lang='lat' dir='ltr'>non</span> <span class='ocrx_word' id='word_1_201' title='bbox 793 2763 865 2812; x_wconf 84' lang='lat' dir='ltr'>aliud</span> <span class='ocrx_word' id='word_1_202' title='bbox 879 2779 957 2828; x_wconf 89' lang='lat' dir='ltr'>quam</span> <span class='ocrx_word' id='word_1_203' title='bbox 972 2764 1094 2814; x_wconf 83' lang='lat' dir='ltr'>usitatum</span> <span class='ocrx_word' id='word_1_204' title='bbox 1108 2762 1155 2813; x_wconf 84' lang='lat' dir='ltr'>sibi</span> <span class='ocrx_word' id='word_1_205' title='bbox 1170 2761 1259 2812; x_wconf 75' lang='lat' dir='ltr'>vinum</span> 
     </span>
     <span class='ocr_line' id='line_1_26' title="bbox 158 2826 1259 2895; baseline 0.005 -22"><span class='ocrx_word' id='word_1_206' title='bbox 158 2832 266 2874; x_wconf 84' lang='lat' dir='ltr'>otnrum.</span> <span class='ocrx_word' id='word_1_207' title='bbox 288 2826 356 2877; x_wconf 85' lang='lat' dir='ltr'>Hine</span> <span class='ocrx_word' id='word_1_208' title='bbox 370 2827 437 2877; x_wconf 90' lang='lat' dir='ltr'>Plin.</span> <span class='ocrx_word' id='word_1_209' title='bbox 453 2835 499 2878; x_wconf 84' lang='lat' dir='ltr'>ant</span> <span class='ocrx_word' id='word_1_210' title='bbox 513 2835 585 2891; x_wconf 83' lang='lat' dir='ltr'>otqoe</span> <span class='ocrx_word' id='word_1_211' title='bbox 596 2843 625 2876; x_wconf 79' lang='lat' dir='ltr'>er</span> <span class='ocrx_word' id='word_1_212' title='bbox 636 2826 751 2881; x_wconf 64' lang='lat' dir='ltr'>nebridas</span> <span class='ocrx_word' id='word_1_213' title='bbox 766 2838 810 2881; x_wconf 82' lang='lat' dir='ltr'>aut</span> <span class='ocrx_word' id='word_1_214' title='bbox 822 2838 893 2894; x_wconf 77' lang='lat' dir='ltr'>atque</span> <span class='ocrx_word' id='word_1_215' title='bbox 904 2847 949 2879; x_wconf 82' lang='lat' dir='ltr'>noo</span> <span class='ocrx_word' id='word_1_216' title='bbox 958 2846 987 2879; x_wconf 79' lang='lat' dir='ltr'>er</span> <span class='ocrx_word' id='word_1_217' title='bbox 999 2829 1140 2895; x_wconf 60' lang='lat' dir='ltr'>{sorbilibus</span> <span class='ocrx_word' id='word_1_218' title='bbox 1150 2829 1259 2880; x_wconf 85' lang='lat' dir='ltr'>seribere</span> 
     </span>
     <span class='ocr_line' id='line_1_27' title="bbox 139 2839 1260 2962; baseline 0.004 -21"><span class='ocrx_word' id='word_1_219' title='bbox 139 2839 233 2954; x_wconf 75' lang='lat' dir='ltr'>debuit</span> <span class='ocrx_word' id='word_1_220' title='bbox 252 2933 285 2944; x_wconf 89' lang='lat'>..</span> <span class='ocrx_word' id='word_1_221' title='bbox 298 2901 419 2959; x_wconf 78' lang='lat' dir='ltr'>potaron,</span> <span class='ocrx_word' id='word_1_222' title='bbox 430 2898 488 2947; x_wconf 82' lang='lat' dir='ltr'>aod</span> <span class='ocrx_word' id='word_1_223' title='bbox 499 2892 587 2959; x_wconf 84' lang='lat' dir='ltr'>(codd</span> <span class='ocrx_word' id='word_1_224' title='bbox 599 2893 670 2960; x_wconf 85' lang='lat' dir='ltr'>Gel.)</span> <span class='ocrx_word' id='word_1_225' title='bbox 682 2905 830 2962; x_wconf 65' lang='lat' dir='ltr'>portarurn,</span> <span class='ocrx_word' id='word_1_226' title='bbox 841 2915 862 2950; x_wconf 88' lang='lat' dir='ltr'>r.</span> <span class='ocrx_word' id='word_1_227' title='bbox 880 2939 912 2949; x_wconf 85' lang='lat'>..</span> <span class='ocrx_word' id='word_1_228' title='bbox 930 2896 1101 2962; x_wconf 63' lang='lat' dir='ltr'>induruerunt,</span> <span class='ocrx_word' id='word_1_229' title='bbox 1112 2913 1132 2948; x_wconf 91' lang='lat' dir='ltr'>r.</span> <span class='ocrx_word' id='word_1_230' title='bbox 1151 2937 1183 2948; x_wconf 90' lang='lat'>..</span> <span class='ocrx_word' id='word_1_231' title='bbox 1203 2903 1260 2946; x_wconf 81' lang='lat' dir='ltr'>sont</span> 
     </span>
    </p>
   </div>
   <div class='ocr_carea' id='block_1_5' title="bbox 139 2955 234 3017">
    <p class='ocr_par' dir='ltr' id='par_1_6' title="bbox 139 2955 234 3017">
     <span class='ocr_line' id='line_1_28' title="bbox 139 2955 234 3017; baseline 0 -8"><span class='ocrx_word' id='word_1_232' title='bbox 139 2955 234 3017; x_wconf 64' lang='lat' dir='ltr'>basod</span> 
     </span>
    </p>
   </div>
   <div class='ocr_carea' id='block_1_6' title="bbox 138 2996 1260 3183">
    <p class='ocr_par' dir='ltr' id='par_1_7' title="bbox 138 2996 1260 3183">
     <span class='ocr_line' id='line_1_29' title="bbox 172 2996 1259 3126; baseline 0.003 -29"><span class='ocrx_word' id='word_1_233' title='bbox 172 2996 240 3124; x_wconf 60' lang='grc'>513.</span> <span class='ocrx_word' id='word_1_234' title='bbox 257 3043 326 3097; x_wconf 79' lang='lat' dir='ltr'>modo</span> <span class='ocrx_word' id='word_1_235' title='bbox 333 3044 415 3126; x_wconf 62' lang='lat' dir='ltr'>simili,</span> <span class='ocrx_word' id='word_1_236' title='bbox 423 3047 455 3098; x_wconf 84' lang='grc' dir='ltr'>Τ.</span> <span class='ocrx_word' id='word_1_237' title='bbox 473 3089 506 3099; x_wconf 93' lang='lat'>..</span> <span class='ocrx_word' id='word_1_238' title='bbox 523 3046 626 3099; x_wconf 79' lang='lat' dir='ltr'>dirimas</span> <span class='ocrx_word' id='word_1_239' title='bbox 637 3052 652 3114; x_wconf 67' lang='grc' dir='ltr'><strong>ξ</strong></span> <span class='ocrx_word' id='word_1_240' title='bbox 662 3055 703 3101; x_wconf 79' lang='grc'>33.</span> <span class='ocrx_word' id='word_1_241' title='bbox 713 3055 753 3101; x_wconf 83' lang='grc'>34.</span> <span class='ocrx_word' id='word_1_242' title='bbox 771 3093 803 3103; x_wconf 89' lang='grc'>..</span> <span class='ocrx_word' id='word_1_243' title='bbox 821 3047 968 3114; x_wconf 81' lang='lat' dir='ltr'>Arusiam,a</span> <span class='ocrx_word' id='word_1_244' title='bbox 980 3048 1073 3116; x_wconf 84' lang='lat' dir='ltr'>(Turn.</span> <span class='ocrx_word' id='word_1_245' title='bbox 1083 3052 1139 3104; x_wconf 83' lang='lat' dir='ltr'>adv.</span> <span class='ocrx_word' id='word_1_246' title='bbox 1152 3056 1193 3112; x_wconf 77' lang='lat'>24,</span> <span class='ocrx_word' id='word_1_247' title='bbox 1202 3044 1259 3113; x_wconf 75' lang='lat'>26.)</span> 
     </span>
     <span class='ocr_line' id='line_1_30' title="bbox 138 3108 1260 3183; baseline 0.005 -21"><span class='ocrx_word' id='word_1_248' title='bbox 138 3108 272 3177; x_wconf 68' lang='lat' dir='ltr'>Armaom,</span> <span class='ocrx_word' id='word_1_249' title='bbox 284 3130 306 3164; x_wconf 90' lang='lat' dir='ltr'>o.</span> <span class='ocrx_word' id='word_1_250' title='bbox 323 3113 490 3178; x_wconf 59' lang='lat' dir='ltr'>Adaaomd.</span> <span class='ocrx_word' id='word_1_251' title='bbox 508 3157 540 3169; x_wconf 90' lang='lat'>...</span> <span class='ocrx_word' id='word_1_252' title='bbox 559 3125 634 3180; x_wconf 78' lang='lat' dir='ltr'>rotat,</span> <span class='ocrx_word' id='word_1_253' title='bbox 644 3133 736 3182; x_wconf 84' lang='lat' dir='ltr'>operae</span> <span class='ocrx_word' id='word_1_254' title='bbox 746 3119 818 3170; x_wconf 88' lang='lat' dir='ltr'>Brot.</span> <span class='ocrx_word' id='word_1_255' title='bbox 837 3159 869 3170; x_wconf 89' lang='lat'>..</span> <span class='ocrx_word' id='word_1_256' title='bbox 886 3117 1048 3183; x_wconf 70' lang='lat' dir='ltr'>Erasistrati,</span> <span class='ocrx_word' id='word_1_257' title='bbox 1059 3121 1091 3171; x_wconf 79' lang='lat' dir='ltr'>ab</span> <span class='ocrx_word' id='word_1_258' title='bbox 1104 3122 1130 3170; x_wconf 89' lang='lat' dir='ltr'>h.</span> <span class='ocrx_word' id='word_1_259' title='bbox 1142 3135 1166 3169; x_wconf 83' lang='lat' dir='ltr'>v.</span> <span class='ocrx_word' id='word_1_260' title='bbox 1177 3133 1260 3182; x_wconf 87' lang='lat' dir='ltr'>usque</span> 
     </span>
    </p>
   </div>
   <div class='ocr_carea' id='block_1_7' title="bbox 137 3174 1260 3314">
    <p class='ocr_par' dir='ltr' id='par_1_8' title="bbox 137 3174 1260 3314">
     <span class='ocr_line' id='line_1_31' title="bbox 138 3174 1260 3250; baseline 0.006 -19"><span class='ocrx_word' id='word_1_261' title='bbox 138 3174 172 3231; x_wconf 71' lang='lat' dir='ltr'>&#39;nd</span> <span class='ocrx_word' id='word_1_262' title='bbox 179 3196 219 3230; x_wconf 81' lang='lat' dir='ltr'>vv.</span> <span class='ocrx_word' id='word_1_263' title='bbox 228 3179 306 3231; x_wconf 80' lang='lat' dir='ltr'>virtum</span> <span class='ocrx_word' id='word_1_264' title='bbox 315 3183 470 3245; x_wconf 81' lang='lat' dir='ltr'>marrinom§</span> <span class='ocrx_word' id='word_1_265' title='bbox 483 3189 523 3234; x_wconf 80' lang='lat'>92.</span> <span class='ocrx_word' id='word_1_266' title='bbox 535 3185 627 3236; x_wconf 84' lang='lat' dir='ltr'>lacuna</span> <span class='ocrx_word' id='word_1_267' title='bbox 637 3185 665 3236; x_wconf 91' lang='lat' dir='ltr'>in</span> <span class='ocrx_word' id='word_1_268' title='bbox 676 3201 697 3237; x_wconf 88' lang='lat' dir='ltr'>o.</span> <span class='ocrx_word' id='word_1_269' title='bbox 710 3226 743 3236; x_wconf 93' lang='grc'>...</span> <span class='ocrx_word' id='word_1_270' title='bbox 764 3183 888 3250; x_wconf 65' lang='grc'>00001,</span> <span class='ocrx_word' id='word_1_271' title='bbox 898 3189 1016 3240; x_wconf 85' lang='lat' dir='ltr'>TKaer.</span> <span class='ocrx_word' id='word_1_272' title='bbox 1036 3184 1142 3250; x_wconf 80' lang='grc' dir='ltr'><strong><em>000οζ</em></strong></span> <span class='ocrx_word' id='word_1_273' title='bbox 1154 3180 1183 3239; x_wconf 85' lang='grc' dir='ltr'>θ.</span> <span class='ocrx_word' id='word_1_274' title='bbox 1201 3183 1260 3249; x_wconf 75' lang='grc' dir='ltr'>ΒΟ,</span> 
     </span>
     <span class='ocr_line' id='line_1_32' title="bbox 137 3243 604 3314; baseline 0.013 -17"><span class='ocrx_word' id='word_1_275' title='bbox 137 3243 168 3312; x_wconf 80' lang='grc' dir='ltr'>β.</span> <span class='ocrx_word' id='word_1_276' title='bbox 187 3289 220 3299; x_wconf 92' lang='lat'>..</span> <span class='ocrx_word' id='word_1_277' title='bbox 237 3265 308 3311; x_wconf 81' lang='lat' dir='ltr'>ortuo,</span> <span class='ocrx_word' id='word_1_278' title='bbox 319 3252 390 3303; x_wconf 82' lang='lat' dir='ltr'>Kar.</span> <span class='ocrx_word' id='word_1_279' title='bbox 408 3292 441 3301; x_wconf 82' lang='grc'>-</span> <span class='ocrx_word' id='word_1_280' title='bbox 458 3250 567 3314; x_wconf 81' lang='lat' dir='ltr'>condunt,</span> <span class='ocrx_word' id='word_1_281' title='bbox 579 3255 604 3303; x_wconf 89' lang='lat' dir='ltr'>d.</span> 
     </span>
    </p>
   </div>
   <div class='ocr_carea' id='block_1_8' title="bbox 138 3332 1261 3669">
    <p class='ocr_par' dir='ltr' id='par_1_9' title="bbox 138 3332 1261 3669">
     <span class='ocr_line' id='line_1_33' title="bbox 172 3332 1260 3402; baseline 0.002 -19"><span class='ocrx_word' id='word_1_282' title='bbox 172 3335 188 3396; x_wconf 85' lang='lat'>§</span> <span class='ocrx_word' id='word_1_283' title='bbox 202 3337 242 3384; x_wconf 76' lang='grc'>74.</span> <span class='ocrx_word' id='word_1_284' title='bbox 264 3342 367 3384; x_wconf 74' lang='lat' dir='ltr'>naturae</span> <span class='ocrx_word' id='word_1_285' title='bbox 376 3351 448 3397; x_wconf 81' lang='lat' dir='ltr'>saue,</span> <span class='ocrx_word' id='word_1_286' title='bbox 460 3339 505 3388; x_wconf 80' lang='lat' dir='ltr'>ad.</span> <span class='ocrx_word' id='word_1_287' title='bbox 526 3352 585 3386; x_wconf 82' lang='lat' dir='ltr'>suos</span> <span class='ocrx_word' id='word_1_288' title='bbox 595 3343 708 3399; x_wconf 79' lang='lat' dir='ltr'>naturae,</span> <span class='ocrx_word' id='word_1_289' title='bbox 719 3332 770 3402; x_wconf 75' lang='grc' dir='ltr'>βγ,</span> <span class='ocrx_word' id='word_1_290' title='bbox 793 3378 826 3388; x_wconf 84' lang='grc'><strong>-</strong></span> <span class='ocrx_word' id='word_1_291' title='bbox 854 3338 962 3400; x_wconf 71' lang='lat' dir='ltr'>linolitr‘,</span> <span class='ocrx_word' id='word_1_292' title='bbox 974 3343 1048 3390; x_wconf 79' lang='lat' dir='ltr'>oodd</span> <span class='ocrx_word' id='word_1_293' title='bbox 1061 3339 1117 3391; x_wconf 72' lang='lat' dir='ltr'>(tol.</span> <span class='ocrx_word' id='word_1_294' title='bbox 1142 3335 1260 3399; x_wconf 74' lang='lat' dir='ltr'>Tr&#39;molr&#39;tz&#39;,</span> 
     </span>
     <span class='ocr_line' id='line_1_34' title="bbox 139 3399 1259 3470; baseline 0.005 -21"><span class='ocrx_word' id='word_1_295' title='bbox 139 3399 239 3457; x_wconf 72' lang='lat' dir='ltr'>STod.</span> <span class='ocrx_word' id='word_1_296' title='bbox 257 3441 290 3452; x_wconf 85' lang='lat'>..</span> <span class='ocrx_word' id='word_1_297' title='bbox 308 3400 385 3450; x_wconf 57' lang='lat' dir='ltr'>dulor}</span> <span class='ocrx_word' id='word_1_298' title='bbox 396 3400 518 3466; x_wconf 65' lang='lat' dir='ltr'>admixto,</span> <span class='ocrx_word' id='word_1_299' title='bbox 531 3420 555 3454; x_wconf 86' lang='lat' dir='ltr'>a.</span> <span class='ocrx_word' id='word_1_300' title='bbox 567 3443 600 3453; x_wconf 89' lang='lat'>...</span> <span class='ocrx_word' id='word_1_301' title='bbox 621 3403 752 3467; x_wconf 57' lang='lat' dir='ltr'>Patarico,</span> <span class='ocrx_word' id='word_1_302' title='bbox 763 3421 788 3456; x_wconf 82' lang='lat' dir='ltr'>v.</span> <span class='ocrx_word' id='word_1_303' title='bbox 801 3412 825 3468; x_wconf 82' lang='lat'>5,</span> <span class='ocrx_word' id='word_1_304' title='bbox 839 3409 895 3459; x_wconf 83' lang='lat' dir='ltr'>rot.</span> <span class='ocrx_word' id='word_1_305' title='bbox 917 3406 1050 3469; x_wconf 77' lang='lat' dir='ltr'>Telmerr&#39;oo,</span> <span class='ocrx_word' id='word_1_306' title='bbox 1061 3402 1113 3470; x_wconf 77' lang='grc' dir='ltr'>βγ.</span> <span class='ocrx_word' id='word_1_307' title='bbox 1130 3406 1170 3456; x_wconf 87' lang='lat' dir='ltr'>Do</span> <span class='ocrx_word' id='word_1_308' title='bbox 1181 3406 1259 3455; x_wconf 84' lang='lat' dir='ltr'>codd</span> 
     </span>
     <span class='ocr_line' id='line_1_35' title="bbox 139 3467 1261 3536; baseline 0.004 -18"><span class='ocrx_word' id='word_1_309' title='bbox 139 3481 193 3518; x_wconf 87' lang='lat' dir='ltr'>uon</span> <span class='ocrx_word' id='word_1_310' title='bbox 204 3467 293 3530; x_wconf 77' lang='lat' dir='ltr'>liquet</span> <span class='ocrx_word' id='word_1_311' title='bbox 306 3508 338 3518; x_wconf 86' lang='grc'>..</span> <span class='ocrx_word' id='word_1_312' title='bbox 356 3467 482 3534; x_wconf 68' lang='lat' dir='ltr'>Aeyyptia</span> <span class='ocrx_word' id='word_1_313' title='bbox 491 3487 514 3520; x_wconf 84' lang='lat' dir='ltr'>a</span> <span class='ocrx_word' id='word_1_314' title='bbox 527 3511 559 3521; x_wconf 83' lang='lat'>..</span> <span class='ocrx_word' id='word_1_315' title='bbox 572 3468 669 3534; x_wconf 63' lang='lat' dir='ltr'>doto,</span> <span class='ocrx_word' id='word_1_316' title='bbox 678 3474 746 3523; x_wconf 88' lang='lat' dir='ltr'>Pint.</span> <span class='ocrx_word' id='word_1_317' title='bbox 757 3473 791 3524; x_wconf 87' lang='lat' dir='ltr'>V.</span> <span class='ocrx_word' id='word_1_318' title='bbox 800 3473 873 3524; x_wconf 78' lang='lat' dir='ltr'>infra</span> <span class='ocrx_word' id='word_1_319' title='bbox 886 3516 917 3526; x_wconf 92' lang='lat'>..</span> <span class='ocrx_word' id='word_1_320' title='bbox 936 3473 1091 3536; x_wconf 67' lang='lat' dir='ltr'>nobilissimis,</span> <span class='ocrx_word' id='word_1_321' title='bbox 1100 3473 1153 3524; x_wconf 75' lang='grc' dir='ltr'>Τὰ.</span> <span class='ocrx_word' id='word_1_322' title='bbox 1165 3469 1261 3536; x_wconf 75' lang='lat' dir='ltr'>nobilis,</span> 
     </span>
     <span class='ocr_line' id='line_1_36' title="bbox 138 3531 1261 3609; baseline 0.003 -20"><span class='ocrx_word' id='word_1_323' title='bbox 138 3550 163 3589; x_wconf 69' lang='lat' dir='ltr'>a</span> <span class='ocrx_word' id='word_1_324' title='bbox 181 3531 327 3601; x_wconf 62' lang='lat' dir='ltr'>rotilassr.</span> <span class='ocrx_word' id='word_1_325' title='bbox 346 3576 378 3586; x_wconf 86' lang='lat'>..</span> <span class='ocrx_word' id='word_1_326' title='bbox 399 3535 585 3599; x_wconf 70' lang='lat' dir='ltr'>lloer&#39;a&#39;rad.</span> <span class='ocrx_word' id='word_1_327' title='bbox 606 3535 770 3606; x_wconf 66' lang='lat' dir='ltr'>Thasiassr.</span> <span class='ocrx_word' id='word_1_328' title='bbox 788 3582 821 3593; x_wconf 86' lang='lat'>-</span> <span class='ocrx_word' id='word_1_329' title='bbox 843 3541 1261 3609; x_wconf 59' lang='lat' dir='ltr'>netholapeuoaprohisvuha·</span> 
     </span>
     <span class='ocr_line' id='line_1_37' title="bbox 139 3602 449 3669; baseline 0.013 -16"><span class='ocrx_word' id='word_1_330' title='bbox 139 3605 201 3666; x_wconf 73' lang='lat' dir='ltr'>bant</span> <span class='ocrx_word' id='word_1_331' title='bbox 211 3610 235 3652; x_wconf 82' lang='lat' dir='ltr'>et</span> <span class='ocrx_word' id='word_1_332' title='bbox 245 3602 365 3669; x_wconf 69' lang='lat' dir='ltr'>ollopem</span> <span class='ocrx_word' id='word_1_333' title='bbox 375 3606 449 3657; x_wconf 77' lang='lat' dir='ltr'>&#39;lad</span> 
     </span>
    </p>
   </div>
   <div class='ocr_carea' id='block_1_9' title="bbox 142 3690 1262 3892">
    <p class='ocr_par' dir='ltr' id='par_1_10' title="bbox 142 3690 1262 3892">
     <span class='ocr_line' id='line_1_38' title="bbox 174 3690 1262 3762; baseline 0.006 -24"><span class='ocrx_word' id='word_1_334' title='bbox 174 3690 243 3753; x_wconf 64' lang='lat'>575.</span> <span class='ocrx_word' id='word_1_335' title='bbox 257 3696 380 3754; x_wconf 79' lang='lat' dir='ltr'>protropo,</span> <span class='ocrx_word' id='word_1_336' title='bbox 391 3690 497 3742; x_wconf 86' lang='lat' dir='ltr'>Barbar.</span> <span class='ocrx_word' id='word_1_337' title='bbox 514 3699 621 3756; x_wconf 85' lang='lat' dir='ltr'>protopo,</span> <span class='ocrx_word' id='word_1_338' title='bbox 633 3696 677 3743; x_wconf 87' lang='lat' dir='ltr'>ad.</span> <span class='ocrx_word' id='word_1_339' title='bbox 695 3735 727 3744; x_wconf 88' lang='lat'>-</span> <span class='ocrx_word' id='word_1_340' title='bbox 754 3691 846 3758; x_wconf 73' lang='lat' dir='ltr'>Citidr&#39;o,</span> <span class='ocrx_word' id='word_1_341' title='bbox 858 3699 901 3747; x_wconf 85' lang='lat' dir='ltr'>ad.</span> <span class='ocrx_word' id='word_1_342' title='bbox 926 3694 1022 3758; x_wconf 65' lang='lat' dir='ltr'>Gallio,</span> <span class='ocrx_word' id='word_1_343' title='bbox 1033 3692 1084 3762; x_wconf 72' lang='grc' dir='ltr'>βγ.</span> <span class='ocrx_word' id='word_1_344' title='bbox 1102 3736 1135 3746; x_wconf 85' lang='grc'>-</span> <span class='ocrx_word' id='word_1_345' title='bbox 1157 3693 1262 3744; x_wconf 78' lang='lat' dir='ltr'>Proetu-</span> 
     </span>
     <span class='ocr_line' id='line_1_39' title="bbox 142 3755 1261 3828; baseline 0.008 -24"><span class='ocrx_word' id='word_1_346' title='bbox 142 3755 206 3817; x_wconf 62' lang='lat' dir='ltr'>dom,</span> <span class='ocrx_word' id='word_1_347' title='bbox 219 3758 244 3806; x_wconf 87' lang='lat' dir='ltr'>d.</span> <span class='ocrx_word' id='word_1_348' title='bbox 262 3757 425 3820; x_wconf 74' lang='lat' dir='ltr'>Raeooct&#39;am,</span> <span class='ocrx_word' id='word_1_349' title='bbox 438 3775 460 3809; x_wconf 90' lang='lat' dir='ltr'>a.</span> <span class='ocrx_word' id='word_1_350' title='bbox 479 3799 511 3810; x_wconf 86' lang='lat'>..</span> <span class='ocrx_word' id='word_1_351' title='bbox 530 3761 613 3821; x_wconf 66' lang='lat' dir='ltr'>etad.</span> <span class='ocrx_word' id='word_1_352' title='bbox 633 3761 721 3812; x_wconf 88' lang='lat' dir='ltr'>Omitt.</span> <span class='ocrx_word' id='word_1_353' title='bbox 733 3758 784 3826; x_wconf 76' lang='grc' dir='ltr'>βγ.</span> <span class='ocrx_word' id='word_1_354' title='bbox 802 3805 835 3814; x_wconf 89' lang='grc'>..</span> <span class='ocrx_word' id='word_1_355' title='bbox 853 3763 940 3828; x_wconf 78' lang='lat' dir='ltr'>dulcia,</span> <span class='ocrx_word' id='word_1_356' title='bbox 954 3757 1033 3816; x_wconf 73' lang='lat' dir='ltr'>OTd.</span> <span class='ocrx_word' id='word_1_357' title='bbox 1052 3761 1177 3825; x_wconf 80' lang='lat' dir='ltr'>utdulcio,</span> <span class='ocrx_word' id='word_1_358' title='bbox 1189 3757 1261 3827; x_wconf 69' lang='lat' dir='ltr'>assr.</span> 
     </span>
     <span class='ocr_line' id='line_1_40' title="bbox 143 3819 663 3892; baseline 0.01 -20"><span class='ocrx_word' id='word_1_359' title='bbox 143 3863 175 3892; x_wconf 66' lang='lat' dir='ltr'>r-</span> <span class='ocrx_word' id='word_1_360' title='bbox 194 3833 331 3889; x_wconf 72' lang='lat' dir='ltr'>oonyroont,</span> <span class='ocrx_word' id='word_1_361' title='bbox 347 3819 446 3877; x_wconf 68' lang='lat' dir='ltr'>orso.</span> <span class='ocrx_word' id='word_1_362' title='bbox 464 3836 601 3892; x_wconf 71' lang='lat' dir='ltr'>cortoruoat,</span> <span class='ocrx_word' id='word_1_363' title='bbox 613 3822 663 3892; x_wconf 78' lang='grc' dir='ltr'>βγ.</span> 
     </span>
    </p>
   </div>
   <div class='ocr_carea' id='block_1_10' title="bbox 141 3908 1264 4115">
    <p class='ocr_par' dir='ltr' id='par_1_11' title="bbox 141 3908 1264 4115">
     <span class='ocr_line' id='line_1_41' title="bbox 175 3908 1263 3980; baseline 0.015 -22"><span class='ocrx_word' id='word_1_364' title='bbox 175 3908 245 3971; x_wconf 76' lang='lat' dir='ltr'>§to</span> <span class='ocrx_word' id='word_1_365' title='bbox 259 3910 521 3975; x_wconf 73' lang='lat' dir='ltr'>proximoseoerot,a.</span> <span class='ocrx_word' id='word_1_366' title='bbox 543 3953 575 3962; x_wconf 82' lang='lat'><em>-</em></span> <span class='ocrx_word' id='word_1_367' title='bbox 601 3911 725 3976; x_wconf 79' lang='lat' dir='ltr'>Oreticum,</span> <span class='ocrx_word' id='word_1_368' title='bbox 733 3915 813 3966; x_wconf 83' lang='lat' dir='ltr'>Herd.</span> <span class='ocrx_word' id='word_1_369' title='bbox 842 3916 981 3980; x_wconf 65' lang='lat' dir='ltr'>Oroeooum,</span> <span class='ocrx_word' id='word_1_370' title='bbox 994 3913 1064 3979; x_wconf 70' lang='lat' dir='ltr'>adst.</span> <span class='ocrx_word' id='word_1_371' title='bbox 1088 3958 1120 3969; x_wconf 86' lang='lat'>..</span> <span class='ocrx_word' id='word_1_372' title='bbox 1149 3915 1263 3975; x_wconf 66' lang='grc'>0333163,</span> 
     </span>
     <span class='ocr_line' id='line_1_42' title="bbox 141 3969 1264 4050; baseline 0.012 -25"><span class='ocrx_word' id='word_1_373' title='bbox 141 3969 172 4034; x_wconf 76' lang='grc' dir='ltr'>β.</span> <span class='ocrx_word' id='word_1_374' title='bbox 193 4015 226 4026; x_wconf 85' lang='grc'>..</span> <span class='ocrx_word' id='word_1_375' title='bbox 252 3976 512 4042; x_wconf 79' lang='lat' dir='ltr'>Peparetlium,Pint</span> <span class='ocrx_word' id='word_1_376' title='bbox 528 3972 556 4029; x_wconf 85' lang='grc' dir='ltr'>θ.</span> <span class='ocrx_word' id='word_1_377' title='bbox 583 3979 623 4030; x_wconf 87' lang='lat' dir='ltr'>Pr</span> <span class='ocrx_word' id='word_1_378' title='bbox 651 3982 836 4044; x_wconf 83' lang='lat' dir='ltr'>arentiam,ad.</span> <span class='ocrx_word' id='word_1_379' title='bbox 863 3981 1117 4050; x_wconf 69' lang='lat' dir='ltr'>Praeparentiam,fl.</span> <span class='ocrx_word' id='word_1_380' title='bbox 1140 4024 1172 4035; x_wconf 94' lang='grc'>..</span> <span class='ocrx_word' id='word_1_381' title='bbox 1198 3988 1264 4045; x_wconf 60' lang='lat' dir='ltr'>anie,</span> 
     </span>
     <span class='ocr_line' id='line_1_43' title="bbox 147 4031 996 4115; baseline 0.018 -28"><span class='ocrx_word' id='word_1_382' title='bbox 147 4031 290 4095; x_wconf 75' lang='lat' dir='ltr'>osusor.</span> <span class='ocrx_word' id='word_1_383' title='bbox 304 4052 368 4109; x_wconf 84' lang='lat' dir='ltr'>post,</span> <span class='ocrx_word' id='word_1_384' title='bbox 379 4040 409 4107; x_wconf 79' lang='grc' dir='ltr'><em>β</em></span> <span class='ocrx_word' id='word_1_385' title='bbox 428 4086 459 4096; x_wconf 93' lang='grc'>..</span> <span class='ocrx_word' id='word_1_386' title='bbox 476 4062 612 4111; x_wconf 60' lang='lat' dir='ltr'>smarnos,</span> <span class='ocrx_word' id='word_1_387' title='bbox 652 4049 715 4101; x_wconf 85' lang='lat' dir='ltr'>Sar.</span> <span class='ocrx_word' id='word_1_388' title='bbox 733 4057 823 4100; x_wconf 76' lang='lat' dir='ltr'>sertum</span> <span class='ocrx_word' id='word_1_389' title='bbox 835 4068 930 4115; x_wconf 76' lang='lat' dir='ltr'>aarum,</span> <span class='ocrx_word' id='word_1_390' title='bbox 943 4054 996 4104; x_wconf 86' lang='lat' dir='ltr'>Td.</span> 
     </span>
    </p>
   </div>
   <div class='ocr_carea' id='block_1_11' title="bbox 178 4122 1256 4200">
    <p class='ocr_par' dir='ltr' id='par_1_12' title="bbox 178 4122 1256 4200">
     <span class='ocr_line' id='line_1_44' title="bbox 178 4122 1256 4200; baseline 0.014 -27"><span class='ocrx_word' id='word_1_391' title='bbox 178 4122 193 4184; x_wconf 65' lang='grc' dir='ltr'><strong>ς</strong></span> <span class='ocrx_word' id='word_1_392' title='bbox 208 4128 248 4176; x_wconf 89' lang='grc'>77.</span> <span class='ocrx_word' id='word_1_393' title='bbox 266 4126 329 4191; x_wconf 81' lang='lat' dir='ltr'>iare,</span> <span class='ocrx_word' id='word_1_394' title='bbox 341 4147 368 4180; x_wconf 84' lang='lat' dir='ltr'>a.</span> <span class='ocrx_word' id='word_1_395' title='bbox 391 4146 459 4193; x_wconf 78' lang='lat' dir='ltr'>cure,</span> <span class='ocrx_word' id='word_1_396' title='bbox 471 4133 502 4183; x_wconf 83' lang='grc' dir='ltr'>Τ.</span> <span class='ocrx_word' id='word_1_397' title='bbox 526 4147 610 4194; x_wconf 79' lang='lat' dir='ltr'>curae,</span> <span class='ocrx_word' id='word_1_398' title='bbox 626 4124 670 4183; x_wconf 78' lang='lat' dir='ltr'>Od</span> <span class='ocrx_word' id='word_1_399' title='bbox 681 4131 768 4195; x_wconf 87' lang='lat' dir='ltr'>(oodd.</span> <span class='ocrx_word' id='word_1_400' title='bbox 778 4135 906 4199; x_wconf 83' lang='lat' dir='ltr'>Barbari.)</span> <span class='ocrx_word' id='word_1_401' title='bbox 928 4153 998 4200; x_wconf 84' lang='lat' dir='ltr'>curo,</span> <span class='ocrx_word' id='word_1_402' title='bbox 1010 4138 1090 4190; x_wconf 89' lang='lat' dir='ltr'>Hard.</span> <span class='ocrx_word' id='word_1_403' title='bbox 1114 4175 1145 4189; x_wconf 91' lang='grc'>..</span> <span class='ocrx_word' id='word_1_404' title='bbox 1173 4137 1256 4187; x_wconf 78' lang='lat' dir='ltr'>biooort</span> 
     </span>
    </p>
   </div>
   <div class='ocr_carea' id='block_1_12' title="bbox 144 4174 1268 4282">
    <p class='ocr_par' dir='ltr' id='par_1_13' title="bbox 144 4174 1268 4282">
     <span class='ocr_line' id='line_1_45' title="bbox 144 4174 1268 4282; baseline 0.009 -35"><span class='ocrx_word' id='word_1_405' title='bbox 144 4191 249 4247; x_wconf 83' lang='lat' dir='ltr'>Barbar.</span> <span class='ocrx_word' id='word_1_406' title='bbox 261 4194 295 4245; x_wconf 77' lang='lat' dir='ltr'>K</span> <span class='ocrx_word' id='word_1_407' title='bbox 319 4196 403 4262; x_wconf 71' lang='lat' dir='ltr'>atron,</span> <span class='ocrx_word' id='word_1_408' title='bbox 415 4199 495 4252; x_wconf 84' lang='lat' dir='ltr'>Turn.</span> <span class='ocrx_word' id='word_1_409' title='bbox 523 4198 638 4264; x_wconf 65' lang='lat' dir='ltr'>brilinon,</span> <span class='ocrx_word' id='word_1_410' title='bbox 650 4201 776 4268; x_wconf 79' lang='lat' dir='ltr'>Gottling.</span> <span class='ocrx_word' id='word_1_411' title='bbox 791 4207 826 4256; x_wconf 83' lang='lat' dir='ltr'>ad</span> <span class='ocrx_word' id='word_1_412' title='bbox 842 4205 948 4266; x_wconf 73' lang='lat' dir='ltr'>Hesiod</span> <span class='ocrx_word' id='word_1_413' title='bbox 959 4220 1019 4282; x_wconf 77' lang='lat' dir='ltr'>opp.</span> <span class='ocrx_word' id='word_1_414' title='bbox 1035 4214 1062 4260; x_wconf 89' lang='lat' dir='ltr'>et</span> <span class='ocrx_word' id='word_1_415' title='bbox 1078 4207 1132 4259; x_wconf 82' lang='lat' dir='ltr'>dies</span> <span class='ocrx_word' id='word_1_416' title='bbox 1144 4213 1202 4259; x_wconf 75' lang='lat' dir='ltr'>ott.</span> <span class='ocrx_word' id='word_1_417' title='bbox 1229 4174 1268 4258; x_wconf 70' lang='lat' dir='ltr'>Al</span> 
     </span>
    </p>
   </div>
   <div class='ocr_carea' id='block_1_13' title="bbox 0 0 1453 4800">
    <p class='ocr_par' dir='ltr' id='par_1_14' title="bbox 0 0 1453 4800">
     <span class='ocr_line' id='line_1_46' title="bbox 0 0 1453 4800; baseline 0 0"><span class='ocrx_word' id='word_1_418' title='bbox 0 0 1453 4800; x_wconf 95' lang='lat' dir='ltr'> </span> 
     </span>
    </p>
   </div>
  </div>
 </body>
</html>
