2896 4800
354 251 425 298 ure.
440 249 517 296 xm.
546 247 625 296 osr.
641 247 811 297 run-xv.
839 245 938 295 sucu.
953 247 1044 293 rure.
1196 229 1257 295 391

138 418 206 473 tum
231 404 374 473 constet?
407 411 523 468 curet
550 398 714 466 Homerus
741 400 776 465 in
802 399 874 487 ipsa
898 398 954 465 illa
980 396 1088 483 Lycia
1113 397 1257 466 Bellero·

138 507 252 597 phouti
273 504 437 572 codicillos
459 504 561 581 datos,
588 523 654 568 non
679 501 834 588 epistulas
854 498 1016 587 prodidit?
1050 496 1259 568 Sterilitatem

138 610 235 676 sentit
264 608 327 674 hoc
360 627 489 692 quoque
520 605 704 688 factumque
729 603 794 668 iam
819 600 951 669 Tiberio
978 601 1124 688 principe
1150 602 1261 688 inopia

139 709 268 775 chartae
294 716 332 774 ut
353 729 371 773 e
393 717 509 773 senatu
534 706 688 772 darentur
708 704 822 773 arbitri
842 702 1096 791 dispensandam
1126 702 1204 770 alias
1225 703 1260 768 in

138 811 278 876 tumultu
298 808 366 875 vita
387 818 465 874 erat.

179 910 276 978 XIV.
298 911 350 978 28.
382 907 558 994 Aethiopia
570 905 728 995 Aegypto
750 904 951 973 contermina
969 905 1108 997 insignis
1128 906 1260 974 arbores
1273 922 1306 967 so

137 1036 202 1080 non
227 1012 294 1078 fere
322 1010 422 1077 habet
446 1018 574 1096 praeter
602 1008 763 1087 laniferas,
792 1029 930 1093 quarum
950 1016 1063 1074 natira
1083 1008 1119 1074 in
1139 1008 1260 1075 descri-

136 1115 245 1203 ptione
265 1111 419 1179 Indorum
440 1121 537 1196 atque
557 1109 703 1176 Arabiae
724 1109 812 1176 diota
834 1120 898 1190 est3
920 1109 1051 1198 propior
1064 1119 1171 1176 tamen
1184 1110 1262 1177 huic

136 1223 251 1280 natura
271 1213 364 1279 lanae
384 1210 552 1296 maiorque
573 1210 736 1278 folliculus
755 1211 883 1300 granati
904 1210 1000 1277 modo
1014 1211 1101 1292 mali,
1125 1212 1260 1278 similes·

136 1337 199 1400 que
226 1324 259 1381 et
278 1314 364 1380 inter
385 1313 574 1379 searbores
601 1313 703 1400 ipsae.
734 1311 869 1378 Praeter
888 1311 972 1379 hano
992 1312 1128 1398 palmae,
1156 1313 1262 1398 qualis

136 1415 316 1482 retulimus.
347 1414 531 1481 Insularum
557 1413 689 1481 arbores
714 1413 838 1480 ambitu
858 1413 1053 1500 Aethiopiae
1078 1423 1111 1480 et
1130 1437 1262 1481 nemora

137 1516 269 1583 odorata
289 1517 324 1582 in
345 1516 506 1582 mentione
528 1538 638 1581 earum
660 1515 744 1582 dicta
765 1524 852 1581 sunt.
1083 1568 1085 1575 .

178 1615 260 1684 XV.
283 1617 336 1682 29.
376 1616 471 1682 Atlas
502 1638 595 1682 mons
626 1615 782 1703 peculiari
813 1614 963 1703 proditur
994 1615 1091 1696 silva,
1124 1616 1165 1682 de
1197 1632 1304 1703 quaer

136 1719 287 1787 diximus.
322 1717 473 1785 Confines
495 1718 526 1784 ei
547 1717 669 1795 Mauri,
698 1716 817 1802 quibus
842 1717 993 1803 pluruma
1018 1717 1114 1784 arbor
1134 1716 1207 1784 citri
1228 1727 1263 1783 et

137 1842 323 1886 mensarum
343 1821 478 1899 insania,
504 1841 585 1904 quas
606 1818 744 1884 feminae
765 1817 843 1884 viris
863 1828 974 1884 contra
994 1819 1186 1908 margaritas
1207 1841 1260 1885 re·

135 1931 263 2010 gerunt.
298 1920 418 1986 Exstat
448 1920 545 1986 hodie
571 1919 621 1985 M.
649 1916 816 1986 Ciceronis
846 1918 882 1983 in
912 1920 969 1984 illa
996 1929 1188 2006 paupertate
1216 1929 1260 1998 et,

137 2021 224 2108 quod
243 2021 348 2108 magis
370 2022 487 2086 mirum
509 2030 569 2100 est,
590 2020 645 2086 illo
667 2042 746 2086 aevo
768 2030 878 2106 empta
898 2016 971 2085 HS.
994 2024 1033 2098 iq
1065 2027 1261 2086 memoratur

137 2134 171 2191 et
199 2121 286 2190 Galli
310 2122 407 2188 Asini
432 2118 506 2187 HS.
527 2124 569 2187 it.
603 2120 828 2188 Venumdatae
856 2131 933 2187 sunt
958 2129 991 2195 et
1020 2121 1103 2188 duee
1129 2137 1149 2186 a
1176 2119 1323 2187 Iubaea¹

136 2246 215 2311 rege
241 2223 432 2309 pendentes,
461 2244 597 2307 quarum
625 2221 718 2288 alteri
746 2221 887 2309 pretium
907 2221 970 2288 fuit
990 2217 1062 2289 HS.
1084 2224 1139 2301 x‘n,
1166 2221 1260 2289 alteri

135 2326 234 2412 paulo
255 2325 372 2390 minus.
393 2324 523 2390 Interiit
542 2346 648 2411 nuper
668 2323 817 2392 inccndio
839 2347 859 2389 a
882 2321 1037 2412 Cethegis
1059 2323 1260 2389 descendeus

135 2423 209 2492 HS.
229 2431 294 2488 ῐιῑῑ
312 2436 503 2513 permutata,
531 2425 680 2492 latifimdi
702 2426 875 2505 taxatime,
898 2425 926 2491 si
946 2425 1018 2512 quis
1032 2426 1166 2512 praedia
1179 2424 1260 2491 tanti

135 2527 273 2594 mercari
293 2528 394 2594 malit.
408 2526 614 2618 Magnitudo
636 2528 833 2617 amplissima
853 2527 959 2595 adhue
980 2528 1044 2595 tuit
1063 2528 1160 2595 unius
1181 2548 1259 2615 con-
1271 2542 1304 2588 aa

135 2629 253 2696 missae
285 2652 326 2696 ex
356 2629 488 2698 orbibus
520 2629 694 2696 dimidiatis
727 2630 853 2699 duobus
885 2655 906 2697 a
930 2653 1008 2719 rege
1036 2627 1260 2697 Mauretaniae

135 2728 331 2812 Ptolemaeo,
353 2742 504 2818 quattuor
516 2733 637 2820 pedum
659 2742 692 2799 ct
714 2732 887 2822 semipedis
907 2754 969 2820 per
987 2731 1131 2799 medium
1152 2730 1257 2799 ambi-

170 2939 239 3002 §88.
257 2936 426 2999 Sabutum.
444 2937 547 3004 sibylla,
558 2942 604 2989 ad.
622 2978 655 2988 -
672 2937 728 3000 siat,
740 2939 773 2989 R.
791 2936 857 3000 int'ht',
869 2939 896 2991 S.
922 2938 947 2988 ia
958 2937 1004 3000 ta,
1016 2956 1039 2989 a.
1062 2938 1121 3003 t'qni,
1133 2932 1207 3003 dssr.
1224 2976 1257 2988 .-

137 3003 218 3053 coaaul
225 3002 346 3067 prodidd3
357 3005 398 3056 his
409 3007 437 3055 in
447 3021 488 3055 vv.
500 3007 592 3056 desiuit
601 3008 627 3057 R
638 3007 762 3070 iucipiens
773 3021 858 3056 rursus
869 3006 962 3056 alibro
973 3006 1048 3057 XXI
1065 3006 1155 3057 Scriba
1165 3004 1259 3057 adiecit

136 3071 223 3188 pprbadr
240 3069 421 3200 „bipqdqiciant
441 3070 498 3124 VII
508 3071 587 3135 titrt',
607 3081 633 3124 et
644 3087 732 3123 eorum
743 3073 918 3136 inscriptiones
930 3079 957 3122 et
966 3073 1091 3136 principia
1101 3073 1207 3123 addidit.
1224 3108 1259 3121 ..

168 3153 204 3200 ,a
225 3174 232 3187 ·
249 3153 273 3199 ⁰5
310 3151 335 3202 Γ·

170 3206 239 3269 §th
257 3205 283 3255 in
290 3204 483 3268 plateatrio-eur
494 3214 518 3257 et
527 3207 655 3266 Homerus,
666 3208 755 3258 Tadr.
774 3205 863 3259 Omitt.
876 3207 950 3256 codd
963 3205 1020 3258 (tel.
1032 3200 1083 3271 βγ.
1106 3245 1140 3256 ..
1162 3203 1257 3269 depae

136 3271 236 3336 suadae,
251 3265 350 3326 orsu.
368 3271 568 3339 dbpemandiss.

170 3342 185 3406 §
199 3347 239 3394 90.
258 3339 373 3404 liuderus,
385 3345 429 3394 ad.
448 3384 480 3393 ..
497 3349 586 3392 namra
597 3341 623 3390 in
634 3339 798 3405 deotperto,
809 3342 891 3394 omitt.
904 3344 949 3394 ad.
960 3382 994 3393 ..
1011 3339 1166 3404 Aradich.
1188 3337 1257 3390 Ara·

138 3407 186 3470 bio,
197 3425 221 3460 a.
233 3450 267 3460 ..
284 3408 350 3459 dicto
360 3417 396 3461 ert
408 3417 448 3472 19,
460 3417 555 3464 31199.
568 3449 600 3462 ...
617 3408 739 3459 retulimus
750 3412 765 3475 ξ
778 3416 819 3462 39.
832 3426 887 3476 sqq.
900 3451 933 3472 -÷
950 3407 1016 3461 dicta
1026 3417 1082 3460 suat
1092 3416 1117 3472 t,
1130 3414 1188 3461 198.
1201 3422 1257 3472 sqq.

170 3475 187 3536 ξ
199 3482 239 3528 91.
257 3475 360 3527 dirimas
372 3480 396 3540 t,
410 3486 449 3530 19.
462 3494 517 3544 sqq.
535 3519 568 3530 ...
594 3476 655 3540 citri,
666 3496 680 3530 r
691 3475 778 3542 (codd.
789 3473 915 3542 Barbari.)
942 3477 1018 3541 οἰενεί,
1030 3481 1075 3530 ad
1096 3475 1168 3540 cedn',
1180 3490 1205 3541 r.
1223 3514 1257 3527 ...

137 3549 224 3605 empta,
239 3544 337 3606 Rigalt.
349 3559 391 3608 ap.
404 3544 511 3598 Salmas.
529 3550 562 3598 ad
579 3547 688 3599 Tertull.
704 3549 735 3597 de
746 3547 808 3611 pall.
824 3562 850 3610 p.
867 3553 925 3597 4³4.
947 3553 1046 3610 ereptae,
1058 3548 1096 3598 ad
1107 3543 1171 3608 (duo
1184 3543 1257 3593 codd.

137 3624 178 3672 ap.
190 3610 256 3658 Bud.
267 3612 298 3660 de
308 3626 357 3660 ass.
368 3626 393 3673 p.
406 3609 477 3673 est.)
489 3652 521 3662 ..
534 3611 676 3663 tiromisso
688 3629 793 3663 numero
804 3613 843 3673 X,
856 3628 945 3664 omnes
957 3615 1030 3664 codd.
1042 3614 1120 3664 modo
1133 3611 1213 3662 allati.
1224 3648 1258 3661 ...

136 3673 193 3727 HS.
205 3674 257 3739 XI,
269 3677 344 3726 codd.
356 3677 489 3729 Harduini.
512 3678 564 3741 XI,
577 3680 594 3729 d
605 3677 670 3741 (duo
682 3681 756 3730 codd.
768 3678 849 3744 Bur.)
870 3678 968 3745 pallius.
980 3682 1005 3730 in
1020 3678 1101 3739 IIXL
1114 3695 1138 3728 a.

171 3741 186 3804 ξ
199 3748 239 3794 99.
264 3741 426 3805 Vanandutae,
436 3740 485 3807 api.
503 3786 537 3796 ..
553 3762 571 3794 a
581 3743 645 3795 Iuba
655 3761 710 3810 repe
718 3745 854 3811 pendentes,
865 3748 927 3799 Sad
938 3744 1040 3810 (omnes
1057 3749 1129 3798 codd.
1145 3760 1186 3809 ap.
1204 3744 1258 3797 Ou-

138 3812 212 3862 dend.
223 3813 256 3862 ad
268 3810 337 3862 Suet
350 3810 442 3862 Claud.
455 3811 493 3876 9.)
509 3811 572 3862 Iuba
583 3828 638 3879 repe
649 3811 785 3878 pendentes,
802 3815 833 3865 Τ.
856 3813 920 3864 Iuba
934 3831 989 3880 repe
1004 3813 1123 3876 vendente,
1138 3808 1169 3876 β.
1194 3809 1258 3862 Iuba

137 3895 192 3944 repe
199 3877 323 3943 pendente,
336 3879 448 3931 Gronov.
461 3881 566 3931 miscell.
578 3896 604 3945 p.
617 3887 674 3932 848.
687 3922 719 3931 ..
731 3880 768 3930 ln‘s
778 3879 846 3943 XII,
858 3884 903 3932 ad.
920 3876 1086 3944 1119111119.
1099 3921 1131 3932 -.
1143 3897 1161 3929 α
1174 3876 1256 3930 &Ido-

136 3946 183 4009 μὴ,
194 3950 210 3998 d
221 3945 307 4009 (codd.
320 3945 390 4009 (iel.)
407 3963 425 3996 a
436 3955 533 4013 ccupas,
546 3964 569 3998 a.
596 3963 626 3997 ac
638 3956 712 4013 epus,
724 3950 774 3999 duo
786 3950 860 3999 codd.
872 3950 939 4001 Bru
961 3991 993 4002 ..
1014 3948 1066 4001 HS
1075 3947 1170 4012 XIIII,
1183 3950 1256 4000 codd.

139 4013 195 4064 (iel.
207 4013 244 4063 dd
255 4013 351 4078 XIIII,
363 4016 409 4067 ad.
426 4015 471 4078 lis,
482 4018 533 4066 duo
545 4018 619 4067 codd.
630 4018 697 4068 Bud.
720 4057 752 4066 ..
771 4023 916 4080 mutata,
931 4033 948 4066 a
964 4014 1050 4081 (codd.
1067 4016 1138 4081 (iel.)
1159 4031 1255 4082 perma-

140 4079 196 4140 tati,
213 4082 259 4132 Τὰ
274 4079 339 4143 (duo
351 4086 425 4134 codd.
436 4081 515 4147 Bad.)
532 4124 565 4135 ..
584 4083 712 4144 torosiore,
724 4087 775 4135 duo
788 4085 862 4135 codd.
873 4084 941 4134 Bud.
960 4083 1101 4148 marana,
1112 4087 1159 4139 ad.

172 4148 240 4210 §⁹³-
258 4147 417 4226 amplt'seimis,
428 4154 474 4203 ad.
500 4192 532 4203 ..
558 4167 576 4201 o
586 4167 641 4216 repe
650 4150 749 4215 ,duobua
761 4152 807 4203 ad.
829 4192 861 4203 ..
881 4149 962 4217 pedes,
974 4155 998 4205 d.
1016 4194 1047 4205 ..
1069 4152 1220 4219 semipedum,
1230 4168 1257 4204 a.

109 4250 122 4274 ,
139 4253 171 4263 ..
187 4229 232 4277 per
246 4213 347 4266 modom
363 4218 485 4282 ambram,
501 4221 569 4272 delet
582 4218 702 4272 cnecon.
719 4223 751 4274 de
766 4220 857 4273 niolio
871 4235 897 4285 p.
911 4226 950 4271 ll.
