2896 4800
350 281 421 327 nm.
438 280 498 327 nr.
527 277 605 326 car.
622 277 710 324 xvrr.
728 276 830 323 xvrn.
860 274 958 322 sacr.
976 276 1005 319 a.
1022 275 1051 319 n.
1201 257 1262 321 465

142 432 367 500 callistruthiae
389 454 504 519 parum
533 453 648 515 sapore
676 428 935 514 praestantiores,
962 426 1094 492 ficorum
1122 427 1263 491 omnium

140 534 387 624 frigidissimae;
410 556 485 597 nam
507 532 548 598 dc
570 530 743 609 Africanis,
767 551 849 614 quas
870 526 962 593 multi
976 527 1162 613 praeferunt
1183 551 1262 594 cun·
1312 602 1314 608 ,

142 637 214 715 ctis,
243 659 361 724 magna
381 635 527 721 quaestio
549 643 614 712 est3
646 655 718 699 oum
740 630 775 695 id
788 652 900 728 *genus
922 629 956 693 in
978 628 1122 695 Afn'cam
1143 653 1263 715 nuper-

140 737 221 803 rime
242 739 414 817 transierit,
437 737 561 823 patriae
582 757 700 800 nomen
721 733 877 819 optinent.
899 731 983 795 Nam
1000 730 1223 796 Alexandrina
1246 744 1309 796 eto

140 838 243 927 nigris
271 849 331 917 est,
360 837 547 904 candicante
574 836 666 914 rima,
696 833 887 923 cognomine
914 831 1088 910 delicatae3
1116 833 1211 921 nigra
1232 845 1265 897 et
1310 830 1316 849 ⁷

140 937 269 1005 Rhodia
291 951 342 1006 est
363 950 396 1006 et
416 938 587 1005 Tiburtina
609 937 649 1003 de
670 936 888 1024 praecocibus.
927 932 1012 1000 Sunt
1039 944 1072 1000 et
1097 944 1265 1000 auctorum

140 1040 276 1104 nomina
289 1039 341 1119 iis,
370 1039 496 1119 Liviae,
523 1039 677 1124 Pompei3
708 1037 866 1104 siccandis
892 1035 972 1102 haec
999 1037 1120 1102 selein
1141 1057 1265 1101 annuos

141 1163 219 1206 usus
241 1142 408 1228 aptissima
428 1165 503 1208 cum
523 1141 667 1206 mariscis
690 1151 722 1206 et
742 1162 823 1225 quas
840 1137 1057 1203 harundinum
1070 1137 1125 1204 foli
1139 1138 1265 1203 macula

61 1260 67 1273 ⁴
141 1242 253 1307 variat.
280 1242 342 1308 Est
364 1255 397 1309 et
416 1243 621 1310 Herculanea
642 1253 675 1308 et
696 1242 869 1308 albicerata
890 1249 923 1306 et
944 1240 1045 1305 aratia
1072 1239 1145 1305 alba
1171 1239 1264 1326 pedi·

141 1343 214 1409 culo
235 1344 388 1423 minuma,
413 1345 579 1411 latissima.
616 1344 727 1409 Primo
754 1353 861 1409 autem
888 1342 1038 1428 provenit
1065 1342 1265 1428 porphyritis
1279 1353 1308 1402 71

140 1444 327 1533 longissimo
348 1447 513 1533 pedicul03
537 1447 707 1513 comitatur
728 1453 799 1511 eam
821 1469 838 1510 e
860 1444 1012 1510 minumis
1028 1443 1190 1509 vilissimis
1203 1468 1264 1531 po-

141 1546 263 1633 pularis
289 1547 391 1625 dicta3
421 1557 532 1614 contra
559 1547 735 1613 novissima
756 1544 816 1611 sub
837 1546 1145 1612 hieme-maturatur
1166 1545 1265 1612 cheli·
1336 1580 1339 1585 ⁴

141 1646 246 1712 donia.
283 1644 369 1713 Sunt
390 1659 556 1735 praeterea
577 1648 736 1714 serotinae
764 1658 797 1712 et
823 1669 1007 1733 praecoces,
1035 1648 1166 1726 biferae,
1193 1646 1266 1713 alba

140 1769 179 1811 ac
199 1746 304 1835 nigra,
334 1773 407 1816 cum
427 1772 533 1816 messe
560 1749 785 1833 vindemiaque
806 1758 1059 1813 maturescentes
1066 1775 1075 1826 3
1107 1748 1265 1814 serotinae

141 1857 173 1912 et
194 1850 313 1915 acorio
335 1851 514 1936 appellatae
536 1847 628 1928 duro,
651 1872 692 1914 ex
707 1846 901 1913 Chalcidicis
923 1847 1123 1932 quarundam
1143 1850 1264 1914 trifario

141 1957 310 2034 proventu.
338 1949 473 2015 Tarenti
494 1960 619 2015 tantum
640 1949 831 2035 praedulces
852 1959 1028 2013 nascuntur
1047 1970 1128 2034 quas
1149 1960 1265 2015 vocant

140 2071 228 2114 onas.
252 2048 335 2114 Cato
356 2051 398 2116 de
419 2051 488 2117 ficis
508 2051 556 2117 ita
576 2060 747 2117 memorat:
770 2049 872 2128 „ficos
893 2050 1046 2116 mariscas
1060 2051 1094 2116 in
1107 2052 1178 2117 loco
1193 2074 1263 2117 cre·
1278 2064 1308 2110 72

141 2162 210 2218 tosa
231 2162 289 2218 aut
308 2163 419 2238 aperto
446 2153 559 2233 serito,
586 2153 621 2218 in
645 2152 715 2219 loco
742 2162 850 2217 autem
877 2151 1033 2219 crassiore
1061 2162 1117 2218 aut
1139 2162 1262 2218 sterco-

140 2264 210 2317 rato
226 2252 400 2319 Africanas
415 2265 448 2320 et
461 2254 692 2333 Herculaneas,
710 2251 919 2340 Saguntinas,
941 2253 1102 2334 hibernas,
1125 2253 1263 2319 Telanas

139 2367 227 2419 atras
247 2354 397 2441 pediculo
417 2355 543 2443 long0.”
576 2354 695 2421 Postea
717 2366 765 2419 tot
786 2354 913 2421 subiere
935 2355 1064 2421 nomina
1085 2365 1181 2439 atque
1203 2378 1262 2442 ge-

86 2507 90 2529 .
139 2478 217 2521 nera
236 2467 275 2521 ut
295 2457 347 2523 vel
367 2456 429 2523 hoc
451 2458 554 2523 solum
568 2457 820 2523 aestumantibus
836 2458 999 2543 adpareat,
1021 2466 1175 2523 mutatam
1191 2479 1262 2522 esse

83 2640 86 2644 λ
140 2560 247 2624 vitam.
285 2557 371 2626 Sunt
393 2571 425 2627 et
445 2561 597 2627 hibernae
619 2559 813 2645 quibusdam
838 2560 1025 2645 provinciis,
1052 2560 1146 2627 sicuti
1167 2559 1262 2626 Moe·

140 2661 217 2740 siae,
247 2663 305 2728 sed
331 2672 408 2743 arte,
438 2684 502 2729 non
528 2672 652 2728 natura.
688 2660 866 2728 Parvarum
888 2685 992 2751 genus
1014 2663 1165 2729 arborum
1185 2674 1262 2748 post
1276 2672 1307 2720 73

139 2773 327 2829 autumnum
347 2763 423 2830 fimo
438 2775 615 2854 contegunt
629 2763 906 2850 deprehensasque
927 2763 962 2828 in
983 2764 1034 2829 his
1048 2764 1152 2831 hieme
1166 2788 1260 2854 gros·

140 2883 204 2940 sos,
226 2884 308 2947 quae
330 2864 456 2931 mitiore
479 2867 567 2931 caelo
588 2865 732 2931 refossae
754 2887 828 2931 cum
849 2865 962 2931 arbore
984 2875 1080 2949 atque
1100 2866 1135 2931 in
1156 2867 1261 2933 lucem

138 3037 226 3153 liqurlct.
244 3076 276 3086 -
287 3034 451 3101 sapidissimi,
463 3054 486 3088 a
507 3079 537 3089 ..
556 3055 624 3103 qaae,
636 3040 661 3089 d.
682 3055 762 3102 qaam,
774 3055 796 3089 a
816 3080 848 3090 ..
866 3038 978 3101 chareae,
994 3039 1112 3089 Schneid
1129 3041 1161 3090 ad
1180 3038 1259 3089 Colu-

138 3119 180 3154 mc
201 3110 262 3167 .10,
274 3109 332 3154 418.

172 3175 187 3237 ξ
201 3175 240 3222 70.
257 3169 425 3221 Alexandriae
439 3172 507 3234 enixe
521 3173 574 3238 pris
586 3182 621 3222 eet
636 3172 776 3222 candicante
792 3172 863 3235 rima,
881 3175 917 3224 d:
931 3172 1113 3224 Alexandrinae
1129 3172 1196 3222 enixe
1211 3171 1258 3237 pli-

137 3237 219 3288 seendi
233 3238 370 3302 canterino,
385 3257 408 3290 a.
436 3241 503 3290 rama
517 3239 649 3306 placendo,
666 3243 739 3292 codd.
754 3242 870 3291 Barbari.
895 3240 1078 3292 Alexandrinae
1093 3242 1135 3291 vir
1149 3248 1204 3290 aaut
1220 3257 1259 3289 ce·

137 3305 346 3371 scendo,Barhar.
365 3349 397 3358 ..
415 3307 470 3371 tiis,
482 3325 505 3360 a.
525 3351 556 3360 ..
574 3307 654 3372 Livio,
666 3312 709 3360 ad.
728 3349 759 3359 -
778 3308 884 3374 Pompei,
896 3326 919 3360 a.
942 3309 1063 3374 Pompeio,
1076 3311 1100 3360 d.
1122 3308 1259 3372 Pompeiae,

136 3369 189 3438 βγ.
207 3417 239 3426 ..
256 3373 384 3426 siccandas
398 3375 457 3439 aaa,
474 3393 494 3428 r.
520 3377 639 3427 amantur
655 3375 712 3438 hae,
728 3377 762 3427 K.
781 3418 813 3427 -
831 3376 981 3441 αρτὼεἰηιαε,
997 3378 1047 3428 Kr.
1066 3419 1098 3428 ..
1117 3374 1262 3426 lamadiaei

136 3441 193 3498 folii
206 3443 301 3493 macula
315 3445 425 3506 vadant,
442 3446 476 3496 K.
495 3488 526 3495 -
549 3445 639 3507 aratia,
655 3449 680 3497 d.
706 3444 794 3509 arina,
811 3462 851 3496 ar.
874 3440 932 3495 aloa
949 3445 966 3511 ἡ
983 3442 1111 3514 papirio(
1130 3440 1260 3512 ἀρᾰτειος

138 3504 300 3575 καλουμένη,
314 3512 447 3576 Theophr.
458 3528 499 3577 ap.
511 3515 609 3564 Athen.
622 3521 645 3564 3.
657 3529 683 3579 p.
698 3517 736 3565 77.
748 3514 783 3564 Α.

172 3575 186 3636 ξ
200 3578 240 3627 71.
254 3577 443 3642 porphyrium.
462 3621 493 3628 -
518 3578 663 3644 torpuerimus,
675 3596 698 3630 a.
717 3621 749 3630 ..
771 3579 899 3642 siloamis,
911 3584 956 3632 ad.
981 3589 1004 3630 et
1015 3580 1143 3644 vetustata,
1155 3577 1205 3646 ssr.
1224 3622 1256 3631 ..

133 3651 269 3709 praeterea,
282 3643 344 3695 Sar.
358 3652 486 3708 praetem
496 3645 598 3707 eaedem,
610 3642 682 3710 ᾱβγ.
701 3687 732 3697 ..
752 3655 774 3694 et
784 3648 863 3712 niqra,
876 3650 907 3698 T.
927 3690 959 3698 -
977 3665 1028 3697 cam
1040 3664 1119 3712 messe,
1132 3653 1155 3701 d.
1173 3664 1257 3710 cumae,

137 3728 161 3761 a.
176 3752 208 3760 -
221 3709 353 3772 Sauriam
364 3713 403 3762 vir
414 3715 504 3764 doctus
515 3730 556 3779 ap.
567 3716 672 3764 Barbar.
685 3723 711 3764 et
722 3715 861 3766 Pintianus.
880 3714 1005 3766 Serctime
1016 3715 1147 3766 duracinae
1158 3733 1174 3765 a
1186 3718 1257 3777 coria

136 3780 225 3831 Dalec.
245 3819 276 3828 ..
299 3776 381 3840 darae,
400 3781 423 3829 d.
443 3821 475 3830 ..
497 3780 655 3845 quarundam,
675 3774 775 3833 &Tau
803 3782 958 3846 quorundam,
974 3780 1003 3845 β.
1029 3783 1156 3846 quaedam,
1172 3785 1205 3834 K.
1225 3826 1256 3834 -.

138 3847 241 3912 trifario,
257 3863 280 3897 a.
308 3845 397 3910 trifero,
415 3843 486 3914 ᾱβγ.
505 3889 536 3899 ..
556 3866 622 3911 onae,
640 3843 756 3900 &Tadu
782 3865 856 3913 emas,
873 3853 945 3902 codd.
962 3854 1075 3915 Barbari,
1087 3849 1116 3915 β.
1144 3850 1257 3913 aenedas,

136 3916 225 3967 Doleo.
243 3915 319 3977 caiae,
330 3916 409 3966 Hard.

170 3982 239 4043 Μ.
261 3979 321 4033 Cato
337 3987 367 4034 de
382 3999 409 4034 re
426 3991 487 4035 rust.
505 3987 528 4033 8.
549 4025 579 4034 ..
598 3983 749 4046 Sacarum,
762 4002 785 4036 a.
808 3985 946 4051 Saguntiae,
959 3990 983 4038 d.
1002 4028 1033 4038 ..
1057 3987 1083 4037 T
1079 3985 1169 4048 elanus,
1183 3987 1255 4039 Cato.

141 4048 262 4110 Teliaaae,
275 4054 319 4102 ad.
346 4049 477 4113 Tellianaa,
492 4047 521 4113 β.
541 4091 573 4102 ..
592 4050 660 4118 leaqo
673 4051 790 4117 pediculo,
803 4057 826 4105 d.
845 4095 876 4106 ...
896 4062 948 4103 arte
965 4071 1011 4104 non
1027 4063 1122 4118 natare,
1135 4071 1173 4106 ar.
1195 4058 1257 4106 artis

136 4131 183 4165 noa
194 4124 303 4178 aawrae,
314 4114 384 4183 ᾶβγ.

170 4187 239 4249 §lu
257 4184 282 4232 ia
297 4183 341 4236 λὶε.
359 4203 381 4236 a.
406 4187 493 4238 scimus
509 4185 589 4251 ata,
602 4187 629 4240 S.
656 4187 688 4252 ia,
704 4192 749 4254 dr.
768 4230 800 4242 ...
818 4188 883 4242 caela
894 4190 1006 4254 refossae,
1019 4193 1043 4242 d.
1070 4189 1255 4256 caelofossm.

137 4250 315 4315 calorasoseaa,
328 4245 357 4303 θ.

169 4320 246 4372 Ρ1111.
263 4319 299 4373 11.
1010 4323 1052 4389 30
