2896 4800
328 277 399 323 nm.
414 277 464 324 rx.
491 275 571 324 car.
587 275 835 324 xxxmxv.
866 273 965 324 secr.
980 277 1071 324 Μ
1195 261 1254 326 171

137 430 201 496 ism
222 427 426 495 distinctione
453 425 625 513 virgulata,
654 426 779 505 crinita,
808 425 924 510 crispa,
952 426 1167 508 cuniculatim,
1197 449 1257 516 pe-
1272 446 1320 494 toa

137 529 279 597 ctinatim
307 529 428 607 divisa,
461 527 654 594 imbricatim
678 528 815 607 undam,
848 525 1047 594 cancellatim
1077 527 1257 609 reticulata,

136 631 170 695 in
190 631 364 717 obliquam,
392 630 427 694 in
447 639 572 695 rectum
594 651 748 717 expansa,
771 630 914 707 densata,
941 637 1100 714 porrecta,
1122 629 1258 709 sinuata,

136 731 227 798 brevi
249 732 334 798 nodo
354 730 473 818 ligatis,
497 741 565 796 toto
585 730 686 799 latere
708 729 874 810 connexis,
896 728 938 794 ad
958 729 1109 814 plausum
1126 730 1257 816 apertis,

136 832 179 896 ad
200 831 353 898 bucinum
374 831 528 898 recurvis.
554 831 718 921 Navigant
744 855 787 900 ex
806 832 859 897 his
879 831 1029 898 veneriae
1049 831 1259 917 praebentes·

136 953 200 1017 que
222 954 397 998 concavam
419 930 480 997 sibi
501 942 626 1018 partem
648 943 681 999 et
701 954 799 1000 aurae
825 921 1028 1018 opponentes
1055 953 1260 1018 persumme

138 1053 314 1118 aequorum
334 1031 506 1099 velificant.
529 1030 660 1099 Saliunt
678 1033 825 1120 pectines
846 1041 879 1101 et
899 1042 992 1099 extra
1012 1032 1146 1100 volitant
1160 1053 1261 1118 seque
1306 1085 1312 1094 .

138 1144 171 1199 et
191 1133 254 1219 ipsi
276 1133 429 1201 carinant.

178 1232 351 1302 XXXIV.
379 1235 431 1301 53.
454 1233 523 1302 Sed
544 1235 624 1320 quid
643 1235 724 1304 haec
745 1245 812 1302 tam
830 1257 932 1323 purva
952 1257 1164 1316 conmemoro,
1186 1255 1261 1302 cum
1274 1254 1323 1301 tos

137 1336 303 1423 populatio
329 1358 456 1405 morum
482 1347 580 1422 atque
607 1337 737 1406 luxuria
764 1359 829 1405 non
850 1337 978 1404 aliunde
999 1338 1101 1403 maior
1122 1357 1260 1423 quame

138 1437 333 1503 concharum
359 1460 479 1523 genere
503 1439 695 1523 proveniat?
734 1437 805 1504 Iam
831 1438 962 1524 quidem
990 1460 1033 1506 ex
1059 1449 1260 1506 tatarorum

69 1584 74 1599 .
137 1547 254 1604 natura
273 1537 551 1606 damnosissimum
571 1540 678 1607 ventri
697 1561 787 1607 mare
809 1551 859 1607 est
880 1551 928 1606 tot
952 1540 1067 1620 modis,
1095 1550 1143 1607 tot
1168 1561 1260 1607 men·

138 1640 213 1718 sis,
229 1649 276 1705 tot
300 1640 439 1726 piscium
464 1642 644 1728 saporibus,
665 1643 738 1728 quis
758 1642 866 1730 pretia
892 1642 1088 1729 capientium
1116 1642 1260 1730 periculo

137 1741 227 1807 finnt.
254 1740 413 1808 XXXV.
435 1739 505 1809 Sed
523 1753 624 1829 quota
643 1744 725 1811 haec
745 1745 849 1830 portio
871 1753 921 1810 est
940 1743 1164 1830 reputantibus
1178 1764 1257 1828 pur-
1273 1761 1321 1810 105

138 1864 247 1928 puras,
268 1843 446 1929 conchylia,
466 1846 680 1935 margaritas?
700 1845 823 1910 Parum
838 1845 960 1913 scilicet
981 1845 1088 1911 fuerat
1108 1844 1144 1908 in
1165 1843 1260 1930 gulas

140 1942 233 2010 condi
254 1945 364 2025 maria,
393 1945 456 2011 nisi
476 1947 638 2026 manibus,
665 1945 808 2026 auribus,
836 1946 942 2032 capita
970 1955 1101 2030 totoque
1128 1964 1261 2030 corpore

137 2065 159 2108 a
179 2041 304 2111 feminis
325 2045 416 2111 iuxta
436 2046 579 2132 virisque
600 2056 815 2134 gestarentur.
852 2043 943 2125 Quid
963 2045 1044 2110 mari
1066 2066 1139 2110 cum
1159 2044 1260 2111 vesti·

138 2142 215 2224 bus,
246 2146 325 2230 quid
342 2146 439 2212 undis
458 2147 675 2231 fluctibusque
696 2168 772 2212 cum
792 2145 934 2212 vellere?
954 2143 1030 2211 Non
1043 2155 1131 2212 recte
1145 2144 1262 2229 recipit

138 2243 219 2312 haec
245 2268 305 2312 nos
332 2267 441 2312 rerum
467 2257 587 2324 natura,
607 2247 671 2313 nisi
696 2247 813 2312 nudos.
850 2244 944 2323 Esm,
973 2246 1016 2311 sit
1043 2255 1134 2310 tanta
1158 2242 1262 2312 ventri

139 2366 215 2412 cum
235 2367 274 2413 eo
296 2347 444 2426 societas,
466 2347 546 2432 quid
568 2346 709 2436 tergori?
729 2346 851 2414 Pururn
871 2355 932 2425 est,
952 2346 1088 2432 nisiqui
1101 2345 1263 2413 vescimur

139 2446 292 2532 periculis
328 2448 426 2515 etiam
451 2449 640 2528 vestiamur3
672 2449 754 2516 adeo
780 2468 840 2536 per
873 2457 977 2515 totum
1010 2469 1128 2537 corpus
1154 2446 1262 2514 anima

138 2547 277 2615 hominis
298 2548 444 2634 quaesita
463 2573 614 2618 maxume
635 2552 774 2638 placent.
989 2561 993 2573 “

182 2651 234 2718 54.
256 2650 459 2738 Principium
472 2675 551 2741 ergo
566 2655 776 2739 columenque
790 2653 933 2720 omnium
946 2674 1055 2719 rerum
1075 2652 1161 2740 preti
1174 2674 1260 2718 mar-
1276 2673 1324 2720 roc

140 2752 262 2839 garitae
283 2764 404 2822 tenent.
424 2754 556 2823 Indicus
576 2778 727 2822 maxume
747 2755 806 2822 has
826 2755 927 2822 mittit
939 2775 1078 2822 oceanus
1092 2755 1177 2821 inter
1190 2753 1263 2819 illas

139 2851 251 2921 beluas
272 2856 345 2924 talis
367 2865 536 2942 tantasque
557 2880 637 2943 quas
659 2858 800 2923 diximus
820 2879 880 2944 per
902 2867 949 2921 tot
969 2857 1071 2922 maria
1091 2855 1261 2934 venientis,

140 2963 207 3044 tam
232 2957 330 3044 longo
359 2967 517 3023 terrarum
546 2969 651 3025 tractu
677 2980 696 3023 c
724 2958 824 3050 tantis
850 2957 926 3023 solis
948 2955 1118 3023 ardoribus
1125 2981 1135 3035 ;
1163 2965 1261 3040 atque

63 3089 65 3094 s
140 3053 231 3121 Indis
246 3077 381 3142 quoquc
401 3056 436 3122 in
449 3057 578 3123 insulas
597 3067 754 3144 petuntur
775 3066 809 3122 et
828 3056 1155 3142 admodumpaucas.
1177 3054 1267 3121 Fer·¹
1327 3119 1329 3124 .

174 3226 189 3289 ἓ
203 3234 260 3281 103.
277 3228 406 3296 ungulato,
417 3247 437 3283 r.
456 3272 488 3282 ...
506 3229 664 3294 cuniculutt'm,
676 3233 750 3282 codd.
762 3230 842 3282 nard.
863 3225 1027 3292 cuniculutim,
1038 3223 1120 3281 ROn.
1143 3223 1263 3278 caralim

140 3293 214 3359 latim,
226 3314 246 3348 r.
264 3296 432 3362 clauiculatim,
443 3301 477 3352 Κ.
494 3299 681 3363 canaliculatim,
691 3295 721 3362 β.
740 3339 773 3351 -
787 3295 1116 3364 pectinatim-cancellatim
1128 3312 1179 3347 om.
1191 3311 1212 3346 r.
1228 3335 1261 3347 ..

139 3358 490 3431 dtaua‚1tosrd.0m.ss.
518 3408 550 3420 ...
576 3368 753 3431 cancellatad.
775 3408 808 3419 ..
834 3366 962 3432 obliquum,
975 3368 1012 3418 d2.
1030 3365 1210 3430 ottiqaaltdt
1227 3405 1261 3416 .-

138 3448 236 3496 spansa,
248 3435 303 3484 Rd.
321 3477 353 3486 -
367 3438 545 3501 pensatam
558 3435 775 3502 praedensaw,K.
794 3477 826 3487 ...
840 3435 925 3502 pertis,
937 3436 970 3487 R.
991 3477 1024 3486 ..
1045 3435 1159 3496 bucinum,
1171 3427 1261 3484 ΒθΤ.

139 3500 267 3562 buccinum,
280 3503 325 3566 dr.
350 3503 478 3566 buccinum,
488 3501 518 3566 β.
537 3546 569 3556 ..
592 3505 702 3569 Neritus,
713 3505 746 3557 K.
760 3545 792 3556 ..
811 3520 946 3568 concauam,
959 3507 1033 3555 codd.
1047 3504 1103 3556 Gel.
1121 3507 1262 3562 coucuuuut,

139 3569 164 3615 d.
182 3576 319 3629 convescunt,
331 3572 363 3619 R.
389 3611 421 3621 ..
447 3568 624 3632 sirmond.
650 3575 694 3637 sui,
707 3573 781 3624 codd.
794 3572 851 3624 GeL
862 3569 913 3636 βγ.
932 3613 964 3622 ..
990 3572 1117 3633 aurae,R.
1135 3568 1262 3630 careat.

139 3631 240 3681 alteram
252 3649 334 3694 amne,
346 3638 379 3686 Κ.
398 3676 430 3686 ,.
445 3638 557 3701 pectines,
568 3655 592 3690 v.
604 3642 736 3692 Aristotel.
749 3642 810 3691 hist.
822 3642 899 3690 enim.
911 3646 935 3701 4,
949 3645 973 3689 4.
985 3654 1011 3702 p.
1025 3645 1088 3688 528⁸
1101 3644 1142 3688 30.

173 3703 258 3766 §10⁴-
276 3699 341 3764 ru'd.
353 3705 377 3753 d·
395 3703 444 3766 rui,
456 3705 488 3753 B.
506 3745 539 3756 -
556 3707 640 3769 aaut,
651 3701 808 3759 aesna.
826 3707 916 3758 caia.
929 3707 1002 3756 corr.
1015 3705 1072 3756 cu.
1083 3700 1114 3766 β.
1134 3743 1167 3754 ..
1189 3699 1262 3764 aare,

137 3769 190 3820 Rd.
209 3810 242 3820 ..
260 3768 321 3834 quis,
332 3770 385 3820 Ru.
403 3769 494 3835 quibus,
505 3768 556 3836 βγ.

171 3837 186 3898 §
201 3843 257 3889 105.
280 3837 401 3899 Parvum,
419 3839 443 3887 d.
461 3879 493 3888 -
511 3847 584 3901 recte,
597 3855 648 3890 om.
661 3843 678 3892 d
693 3855 752 3891 cum
766 3856 854 3890 rasura
870 3855 947 3904 supra
957 3838 1059 3888 lineam.
1081 3834 1147 3888 Num
1163 3837 1208 3888 rite
1223 3853 1261 3887 rc-

137 3902 202 3968 cipit,
214 3907 282 3957 Pint.
299 3947 331 3957 ..
350 3904 397 3968 lu'c,
407 3906 512 3958 Bethar.
531 3948 563 3958 ..
582 3908 730 3969 tanti,Pint.
748 3948 781 3959 ..
797 3907 890 3958 Parum
901 3904 1115 3967 citatri,Barbsr.
1141 3946 1174 3958 -
1200 3905 1261 3970 quir,

137 3973 204 4024 Pint.
230 4014 262 4025 -
289 3974 380 4038 auimo,
391 3975 498 4027 Burbur.
510 3975 555 4027 Rd
566 3970 653 4039 (codd.
666 3973 738 4038 Get.)
764 3974 870 4037 animae,
886 3991 906 4025 r.
932 3972 1027 4022 animae
1042 3971 1142 4024 dominis
1156 3973 1261 4037 periculo

137 4041 247 4102 quaesitu
265 4043 299 4094 K.

171 4107 186 4168 §
200 4079 257 4160 toa'.
275 4109 431 4176 columenque,
442 4113 520 4164 RTr.
547 4110 688 4176 culmenque,
701 4108 773 4177 ᾱβγ.
792 4150 824 4162 ..
851 4109 952 4160 omnium
964 4125 1058 4176 operum
1065 4110 1176 4176 pretium,
1188 4126 1208 4161 r.
1227 4150 1260 4162 ..

137 4172 303 4237 disimus§4.
329 4220 361 4230 ..
387 4182 453 4242 etri.
481 4220 513 4231 ..
539 4175 1056 4245 amalariis-paucas,R(codd.Gel.)
1073 4177 1260 4245 eaequoqucul

137 4239 229 4294 Indicis
239 4242 322 4296 insulis
327 4287 358 4299 ..
359 4247 455 4313 paucis,
466 4249 500 4300 Κ.
526 4255 599 4313 utque
610 4248 635 4298 tu
646 4245 684 4299 lic
695 4264 718 4313 q.
730 4248 755 4301 t'u
766 4245 990 4314 iuuat-paucas,
1002 4251 1026 4302 d.
