2896 4800
200 273 261 338 146
549 283 753 333 marmus
774 282 970 332 msroumn

198 463 288 507 mum
310 459 406 524 saepe
428 436 579 502 adnotata
599 435 737 521 piscium
763 434 885 501 aestivo
913 432 1018 500 calore
1040 432 1200 518 quaedam
1221 436 1321 504 anbe-

198 543 275 609 latio
304 549 337 605 et
361 538 424 603 alia
453 537 623 622 tranquillo
652 537 741 603 velut
762 535 921 613 oscitatio,
948 537 1095 621 ipsorum
1115 557 1245 621 quoque
1265 541 1325 625 qui

199 653 273 710 sunt
301 641 336 705 in
362 639 499 704 adversa
525 637 676 726 opinione
707 637 748 702 de
778 658 888 702 somno
915 637 1053 722 piscium
1080 637 1253 717 confessio,
1279 693 1322 704 ...

199 744 272 830 quis
294 741 380 808 enim
402 739 471 805 sine
492 739 704 826 respiratione
731 759 842 803 somno
863 739 974 803 locus?
995 792 1037 803 -
1058 749 1227 824 praeterea
1246 739 1321 806 bul-

197 844 333 910 lantium
358 863 514 927 aquarum
535 839 677 906 sufflatio
697 840 858 924 lunaeque
886 840 1005 906 effectu
1026 839 1220 907 concharum
1240 863 1321 926 quo-

199 967 264 1031 que
285 965 421 1030 corpora
447 943 672 1029 augescentia3
707 941 934 1027 superomnia
955 952 1005 1007 est
1026 943 1114 1026 quod
1135 963 1206 1009 esse
1227 943 1321 1008 audi·
1336 960 1367 1004 ro

198 1059 267 1113 tum
281 1057 315 1111 et
328 1045 496 1111 odoratum
509 1042 654 1130 piscibus
669 1064 734 1108 non
748 1042 809 1108 erit
824 1042 968 1121 dubium,
991 1065 1034 1109 ex
1051 1044 1136 1110 aeris
1150 1055 1321 1129 utrumque

198 1148 349 1223 materia3
378 1146 510 1212 odorem
530 1144 662 1229 quidem
682 1166 748 1210 non
769 1143 858 1209 aliud
879 1166 976 1228 qnam
997 1145 1153 1211 iniectum
1174 1167 1249 1211 aera
1269 1147 1320 1213 in·

199 1251 308 1336 tellegi
321 1249 434 1335 possit.
456 1245 677 1328 Quamobrem
696 1246 737 1311 de
756 1245 807 1311 his
828 1245 978 1332 opinetur
999 1257 1037 1310 ut
1058 1247 1175 1332 cuique
1195 1247 1322 1314 libitum

199 1351 270 1415 erit.
303 1347 483 1414 Branchiae
510 1368 575 1413 non
601 1356 677 1412 sunt
697 1344 840 1412 balaenis
861 1369 922 1413 nec
944 1347 1105 1433 delphinis
1112 1372 1121 1426 3
1149 1347 1230 1413 haec
1257 1348 1321 1414 duo

199 1473 320 1539 genera
340 1449 455 1515 fistulis
478 1449 602 1535 spirant
621 1468 705 1532 quae
727 1449 769 1512 ad
786 1447 969 1534 pulmonem
983 1449 1157 1536 pertinent,
1178 1448 1322 1516 balaenis
1358 1513 1364 1517 .

125 1597 129 1603 ,
199 1577 220 1618 a
247 1553 362 1630 fronte,
391 1548 551 1636 delphinis
578 1573 598 1614 a
625 1549 730 1615 dorso.
766 1548 812 1614 Et
838 1550 931 1615 rituli
959 1551 1075 1617 marini
1100 1573 1180 1637 quos
1205 1561 1323 1616 vocant

199 1655 321 1740 phocas
343 1651 469 1740 spirant
483 1673 521 1717 ac
535 1650 700 1716 dormiunt
713 1651 748 1715 in
762 1660 873 1729 torra3-
886 1652 965 1717 item
980 1652 1169 1730 testudines,
1192 1651 1233 1716 de
1247 1651 1321 1735 qui·

198 1753 262 1821 bus
283 1776 360 1820 mox
380 1754 484 1840 plura.

242 1852 338 1923 VIII.
361 1856 391 1920 7.
413 1854 664 1921 velocissimum
685 1854 827 1919 omnium
841 1856 1037 1937 animalium,
1057 1875 1123 1920 non
1135 1853 1239 1920 solum
1253 1874 1323 1916 ma·
1336 1867 1370 1914 ac

200 1957 358 2036 rinorum,
389 1967 441 2023 est
467 1955 640 2041 delphinus
668 1955 756 2021 ocior
783 1957 929 2036 volucre,
959 1956 1063 2023 acrior
1089 1957 1167 2036 telo,
1196 1975 1235 2020 ac
1260 1953 1323 2018 nisi

200 2060 337 2136 multum
364 2057 451 2122 infra
478 2067 618 2123 rostrum
645 2077 682 2122 os
710 2055 756 2121 illi
784 2057 870 2124 soret
894 2058 1002 2124 medio
1022 2056 1180 2144 paene-in
1200 2066 1322 2134 ventre,

200 2161 308 2227 nullus
329 2158 467 2247 piscium
489 2158 683 2225 celeritatem
705 2159 775 2224 eins
798 2160 959 2225 evaderet.
987 2155 1056 2225 Sed
1077 2157 1183 2224 adfert
1202 2174 1324 2222 moram

200 2256 406 2350 providentia
432 2271 579 2340 naturae,
608 2259 686 2345 quia
711 2259 774 2325 nisi
801 2261 946 2347 resupini
973 2269 1068 2345 atque
1096 2259 1241 2326 conversi
1260 2278 1325 2322 non

200 2365 397 2451 conripiant,
420 2384 504 2448 quae
519 2383 617 2427 causa
630 2362 805 2449 praecipue
820 2362 1024 2429 velocitatem
1039 2383 1152 2428 eorum
1166 2358 1323 2434 ostendit3

200 2489 277 2531 nam
305 2487 379 2529 cum
399 2465 484 2529 fame
505 2463 621 2528 conciti
643 2461 822 2551 fugientem
842 2463 877 2528 in
899 2464 983 2529 vada
1003 2464 1068 2529 ima
1088 2451 1251 2549 persecuti
1272 2460 1323 2548 pi·
1337 2473 1367 2518 21

203 2587 289 2630 scem
311 2565 431 2629 diutius
453 2563 603 2652 spiritum
624 2565 818 2644 continuere,
845 2575 883 2630 ut
909 2587 986 2630 arcu
1015 2564 1125 2630 emissi
1153 2565 1195 2629 ad
1219 2561 1324 2648 respi-

201 2665 340 2730 randum
362 2665 500 2732 emicant
521 2675 674 2750 tantaque
695 2665 728 2731 vi
749 2666 902 2732 exsiliunt
921 2677 958 2731 ut
973 2666 1162 2753 plerumque
1175 2664 1247 2732 vela
1265 2684 1325 2727 na-

202 2765 292 2831 rium
318 2767 524 2833 transvolent.
561 2765 733 2853 Vagantur
759 2768 828 2835 iere
856 2767 1020 2856 coniugia,
1049 2768 1179 2854 pariunt
1205 2763 1325 2832 catulos

204 2869 339 2934 decumo
363 2890 473 2934 mense
502 2868 626 2935 aestivo
653 2878 809 2956 tempore,
837 2869 965 2936 interim
992 2880 1025 2935 et
1045 2869 1154 2946 binos3
1180 2866 1326 2934 nutriunt

202 2967 355 3036 uberibus
377 2972 461 3038 siout
481 2970 615 3037 balaena
636 2980 734 3057 atquo
757 2972 854 3039 etiam
875 2981 1005 3060 gestant
1026 2971 1113 3036 fetus
1127 2969 1261 3035 infantia
1274 2967 1324 3032 in-

236 3177 309 3243 olias,
320 3181 411 3232 Dalac.
430 3223 462 3232 ..
479 3183 593 3246 ipsumam,
604 3184 660 3235 Rd.
678 3223 710 3233 -
728 3197 827 3248 quoque,
838 3183 871 3234 R.
889 3198 941 3248 quc,
954 3184 991 3233 d².
1010 3182 1068 3234 Om.
1081 3182 1118 3230 d¹.
1136 3219 1168 3230 ...
1186 3175 1326 3236 redamatio,

202 3248 256 3298 Bd.
269 3288 302 3298 ..
319 3249 432 3311 confesso,
443 3249 498 3300 Rd.
516 3291 549 3301 ...
566 3249 681 3316 suffodio,
698 3243 726 3302 θ.
820 3278 837 3288 -’

238 3316 306 3377 §ru
324 3314 434 3379 estquod
444 3332 501 3380 carc,
513 3311 639 3370 ROTur.
657 3335 713 3381 assa,
724 3314 753 3381 β.
771 3359 804 3370 ..
822 3316 943 3378 aare,Td
954 3312 1009 3378 (hic
1020 3315 1048 3364 in
1058 3308 1166 3373 rasura.)
1185 3350 1216 3359 -
1236 3315 1325 3355 vimm-

203 3395 256 3443 qua,
267 3381 299 3431 R.
321 3383 448 3446 utriusque,
461 3386 492 3435 Τ.
513 3393 614 3449 unaque,
626 3389 664 3438 d¹.
685 3386 798 3451 utrisque,
812 3388 850 3435 d².
871 3379 907 3434 ..”
927 3397 1012 3443 wem,
1025 3384 1050 3432 d.
1072 3420 1105 3430 -
1122 3376 1208 3442 possib
1227 3368 1324 3424 OTdf·

200 3444 349 3511 possaRss.
368 3490 400 3499 ..
419 3449 549 3514 opinentur,
561 3454 595 3504 K.
614 3495 646 3504 ..
668 3451 874 3512 Branchiocrel„
889 3466 913 3499 r.
929 3449 1063 3501 Aristotel.
1093 3454 1139 3499 art.
1152 3445 1229 3496 anim.
1246 3450 1270 3504 4,
1285 3447 1325 3492 la.

203 3531 229 3580 p.
240 3519 307 3566 6976ι
320 3522 360 3566 15.
372 3524 398 3567 et
409 3519 469 3568 hist.
479 3521 556 3569 anim.
567 3526 590 3584 1,
604 3527 626 3571 5.
638 3537 663 3587 p.
676 3521 745 3573 4891>
757 3528 781 3572 3.
794 3515 939 3580 ..flattina
950 3518 1003 3569 Rd.
1015 3557 1047 3566 -
1087 3523 1104 3577 t,
1114 3516 1146 3567 1..
1152 3513 1265 3566 Gronov.
1277 3510 1325 3562 Oe-

203 3591 287 3634 terum
298 3599 322 3636 r.
334 3585 442 3636 Aristot.
454 3587 513 3637 hist.
525 3588 602 3638 anim.
615 3586 639 3651 6,
653 3595 692 3641 la.
704 3605 730 3654 p.
744 3586 811 3639 5551>
824 3589 864 3638 2⁷.
882 3626 916 3636 ..
932 3601 995 3649 moa,
1007 3583 1023 3647 ξ
1035 3591 1145 3637 65..38.

238 3651 253 3712 5
267 3659 307 3702 20.
330 3651 401 3715 ocior,
413 3655 459 3704 R¹.
480 3652 523 3703 aed
533 3656 603 3718 octbr,
615 3656 660 3707 R2.
681 3657 802 3708 ceterum
813 3654 883 3704 huuc
894 3656 926 3706 de
938 3655 1060 3720 delphino
1072 3655 1160 3706 locum
1170 3647 1327 3712 transcripsit

203 3718 285 3771 Solio.
299 3727 339 3782 12,
352 3728 444 3773 3..1a.
457 3762 490 3772 ..
502 3723 590 3786 aerior,
602 3726 651 3776 Br.
664 3725 736 3785 ocior,
746 3720 776 3787 β.
794 3721 905 3786 debeliao
915 3723 1030 3775 sociorum
1042 3723 1105 3773 lacrc
1116 3719 1201 3780 ocrim,
1213 3720 1251 3767 d¹.
1270 3714 1294 3764 d.
1306 3731 1326 3763 s.

203 3785 327 3904 siggim,
345 3790 382 3839 d2.
404 3824 437 3840 ...
459 3805 476 3839 a
491 3789 575 3854 medio,
596 3784 646 3843 Od.
664 3832 696 3843 -
719 3791 752 3855 ia,
769 3807 819 3844 om.
836 3791 862 3840 d.
884 3831 916 3841 -
935 3790 1096 3858 providenda,
1112 3791 1159 3840 13².
1176 3779 1325 3848 inproviden-

240 3918 254 3978 §
267 3927 308 3970 21.
326 3921 438 3986 Namque
441 3925 521 3987 fame,
529 3927 612 3978 RTd.
629 3928 672 3978 Ex
683 3928 734 3978 hac
745 3930 861 3980 codicum
873 3929 997 3992 scriptura
1008 3938 1089 3990 pasus
1100 3920 1220 3977 adducor,
1232 3923 1261 3965 ut
1272 3918 1325 3965 col-

205 3985 284 4047 ligam
298 3989 411 4039 Plinimn
428 3990 541 4055 Namque
548 3996 574 4058 f.
591 4010 654 4044 coac.
671 4011 723 4044 mam
730 3995 789 4061 say.
806 3995 942 4059 scripsisse.
970 3993 1090 4044 Ceterum
1106 4002 1130 4036 v.
1141 3986 1248 4036 Aristot.
1265 3985 1325 4033 hist.

205 4053 283 4102 anim.
301 4058 325 4115 9,
337 4062 379 4106 48.
391 4071 416 4119 p.
429 4063 476 4107 631
484 4067 498 4096 ⁸
509 4067 550 4111 23.
563 4080 596 4111 ..2
613 4062 731 4123 concitati,
743 4065 811 4115 Tdr.
830 4102 862 4112 ..
871 4059 1058 4123 sapientemque,
1069 4055 1123 4106 Td.
1140 4093 1172 4103 ..
1190 4059 1242 4101 orte
1253 4051 1326 4112 raico,

205 4119 259 4169 Rd.
277 4134 333 4168 aree
344 4121 417 4182 mma,
433 4116 461 4171 θ.
480 4165 511 4174 -
536 4130 652 4192 tantaqui,
664 4131 699 4180 R¹
707 4133 731 4181 (1.
756 4138 875 4194 mamque,
887 4130 931 4177 R'2.
953 4127 1070 4189 Apparet
1081 4136 1171 4171 vocem
1183 4119 1209 4169 oi
1218 4121 1245 4170 in
1256 4127 1326 4170 ntro-

206 4201 256 4250 qne
273 4188 360 4237 codiee
372 4189 493 4242 omissam
504 4194 649 4260 absorptam
665 4212 719 4249 esse
731 4212 776 4261 per
786 4198 889 4248 ultimas
899 4193 1073 4257 praecedentis
1083 4191 1154 4240 vocis
1169 4189 1274 4255 litteras.
1294 4227 1326 4236 ..

206 4252 357 4319 comatae,
373 4255 406 4307 R.
434 4258 558 4326 travoleat,
575 4266 612 4316 d¹.
635 4263 790 4326 paravolam,
806 4267 844 4314 (1².
871 4258 1008 4321 asama,
1028 4251 1104 4321 θαι
1115 4258 1205 4323 optimi
1216 4257 1274 4308 libri
1285 4269 1326 4318 ap.
