2896 4800
372 286 456 346 'ma
473 299 534 344 vn.
564 294 642 342 cnr.
659 292 758 341 xmx.
774 294 806 340 L.
836 293 934 342 sacr.
950 297 982 340 ao.
996 297 1028 339 u.
1228 277 1269 342 53

145 474 235 518 cxxx
257 474 283 515 u
308 448 522 536 perduellium
548 448 668 526 caesis,
697 445 781 513 febri
808 456 966 530 quartana
985 444 1141 512 liberatus
1164 455 1215 512 est
1235 445 1269 510 in

145 556 222 620 acie.
259 552 422 618 Incertum
451 571 489 614 ac
518 549 634 635 fragile
659 548 796 633 pindum
821 557 872 611 est
898 544 959 611 hoc
987 568 1103 613 munus
1124 558 1269 624 naturae,
1285 562 1330 608 167

144 653 303 739 quidquid
323 652 420 716 datur
440 649 545 728 nobis,
573 649 751 738 malignum
772 670 850 713 vero
872 656 905 712 et
925 646 1023 712 breve
1045 648 1144 715 etiam
1163 650 1198 713 in
1218 647 1269 713 his

144 754 263 840 quibus
288 752 470 840 largissime
500 752 653 838 contigit,
686 750 873 816 universum
899 746 1011 831 utique
1037 749 1111 813 aevi
1142 759 1269 835 tempus
1336 771 1339 775 ·

143 854 350 921 intuentibus.
388 852 478 934 Quid
505 853 594 936 quod
614 851 846 917 aestumatione
868 858 1044 914 nocturnae
1072 849 1191 933 quietis
1218 849 1268 913 di-

144 956 243 1022 midio
265 956 403 1040 quisque
425 953 530 1039 spatio
552 954 638 1018 vitae
661 973 739 1017 suae
766 950 856 1028 vivit,
883 972 959 1036 pars
981 972 1086 1034 aequa
1106 949 1202 1013 morti
1225 950 1269 1014 si-

144 1057 228 1122 milis
251 1057 391 1146 exigitur
405 1065 459 1119 aut
472 1076 607 1140 poenae,
630 1052 693 1117 nisi
708 1051 844 1138 contigit
857 1051 973 1136 quies?
994 1050 1066 1117 Nec
1080 1060 1271 1136 reputantur

143 1157 299 1223 infantiae
328 1156 403 1221 anni
431 1155 488 1240 qui
517 1176 614 1220 sensu
643 1163 769 1232 carent,
801 1176 866 1219 non
895 1162 1044 1220 senectae
1069 1154 1104 1217 in
1132 1174 1270 1238 poenam

144 1258 276 1334 vivacis,
305 1263 352 1320 tot
378 1256 592 1341 periculorum
621 1277 751 1343 genera,
781 1264 829 1320 tot
856 1254 970 1336 morbi,
1001 1264 1050 1319 tot
1076 1264 1194 1330 metus,
1223 1263 1271 1318 tot

145 1378 253 1434 curae,
281 1356 396 1422 totiens
423 1355 573 1420 invocata
593 1365 696 1421 morte
718 1365 756 1419 ut
776 1356 899 1420 nullum
926 1355 1125 1438 frequentius
1147 1354 1190 1420 sit
1210 1374 1268 1420 vo-

145 1470 223 1522 tum.
259 1456 384 1521 Natura
405 1479 481 1522 vero
508 1456 587 1522 nihil
613 1454 796 1522 hominibus
818 1455 977 1522 brevitate
999 1456 1085 1521 vitae
1106 1454 1270 1540 praestitit
1284 1471 1331 1516 rsa

144 1558 274 1634 melius3
301 1555 480 1623 hebescunt
501 1579 627 1636 sensus,
655 1557 801 1623 membra
823 1566 969 1643 torpent,
985 1557 1198 1642 praemoritur
1219 1557 1268 1622 vi-

144 1679 209 1738 sus,
232 1658 371 1736 auditus,
392 1659 550 1736 incessus,
573 1658 685 1723 dentes
708 1659 805 1723 etiam
826 1682 865 1724 ac
884 1659 1029 1725 ciborum
1042 1659 1267 1737 instrumenta,

143 1770 175 1826 et
197 1771 303 1825 tamen
324 1760 410 1826 vitae
430 1759 494 1824 hoc
515 1770 643 1844 tempus
664 1760 904 1825 adnumeratur.
921 1758 1025 1848 ¹Ergo
1039 1782 1099 1846 pro
1113 1759 1269 1826 miraculo

142 1871 175 1925 et
194 1861 229 1925 id
251 1862 426 1928 solitarium
447 1861 607 1947 reperitur
627 1861 810 1946 exemplum
831 1859 1012 1946 Xenophili
1034 1862 1159 1939 musici,
1190 1883 1267 1926 cen-

144 1971 212 2026 tum
234 1973 267 2026 et
287 1963 429 2047 quinque
451 1962 544 2027 annis
566 1960 690 2028 vixisse
712 1963 780 2028 sine
801 1963 868 2028 ullo
890 1962 1035 2048 corporis
1055 1963 1267 2028 incommodo.

142 2063 191 2127 At
204 2062 358 2141 Hercule,
380 2062 515 2148 reliquis
536 2063 687 2129 omnibus
701 2085 761 2149 per
776 2064 921 2152 singulas
935 2064 1152 2129 membrorum
1165 2063 1267 2150 partis
1283 2075 1329 2122 169

141 2165 278 2248 qualiter
305 2161 404 2229 nullis
430 2164 501 2228 aliis
528 2163 722 2228 animalibus
749 2165 845 2228 certis
871 2164 1005 2248 pestifer
1033 2165 1119 2227 calor
1145 2173 1268 2228 remeat

141 2262 229 2328 horis
250 2273 307 2327 aut
326 2264 426 2349 rigor,
447 2284 554 2347 neque
574 2263 664 2326 horis
684 2262 781 2327 modo
804 2263 862 2329 sed
879 2262 1042 2328 aldiebus
1056 2261 1267 2347 noctibusque

142 2361 234 2426 trinis
255 2361 473 2446 quadrinisve,
495 2362 592 2428 etiam
612 2384 696 2428 anno
718 2371 796 2429 toto.
817 2363 928 2448 Atque
951 2361 1050 2430 etiam
1070 2362 1202 2428 morbus
1217 2374 1266 2430 est
1281 2375 1329 2423 170
1422 2436 1426 2442 Ι

141 2462 257 2546 aliquis
278 2485 338 2549 per
358 2463 549 2549 sapientiam
569 2465 668 2542 m01i3
698 2465 818 2531 morbis
845 2464 931 2532 enim
956 2487 1085 2550 quoque
1107 2466 1264 2552 quasdam

140 2565 230 2651 leges
261 2575 377 2631 natura
408 2567 534 2652 posuit,
568 2567 717 2651 quadrini
751 2567 904 2634 circuitus
935 2566 1058 2635 febrem
1088 2588 1265 2653 numquam

140 2665 263 2746 bruma,
284 2689 461 2754 numquam
481 2667 624 2735 hibernis
645 2669 810 2735 mensibus
830 2669 985 2755 incipere,
1013 2671 1169 2755 quosdam
1190 2679 1265 2756 post

173 2838 259 2900 §lca
276 2841 388 2906 quiuus,
399 2845 467 2895 Pint.
479 2845 512 2894 K.
530 2884 563 2894 -
581 2844 639 2905 M’.,
651 2861 670 2895 r.
688 2844 784 2907 Murco,
796 2845 843 2896 Rd
855 2843 949 2910 (Rob.)
968 2887 999 2896 ..
1022 2842 1101 2905 Curio,
1112 2845 1159 2894 Rd
1171 2841 1263 2907 (Βοὴ.)

140 2945 172 2954 ..
190 2905 313 2958 Plerceus
324 2909 410 2972 Iason,
423 2913 490 2961 Pint.
508 2919 534 2962 et
547 2912 657 2962 Tumeb.
670 2913 727 2962 adv.
741 2918 787 2974 29,
801 2919 841 2964 18.
859 2912 963 2962 Phalera
974 2911 1060 2973 Ieron,
1076 2915 1108 2963 Β.
1131 2909 1264 2961 Phalereus

139 2971 229 3037 Iocum,
241 2976 318 3027 STd.
340 2977 474 3027 Phalereus
488 2975 575 3041 Gonu,
591 2973 619 3029 θ.
637 2977 781 3039 Phalerea,
793 2975 822 3040 β.
841 3021 873 3029 ..
896 2977 1040 3044 deploratura,
1051 2982 1105 3030 Rd.
1124 2986 1172 3027 tum
1185 2977 1263 3041 deplo-

77 3070 82 3075 -
139 3048 214 3103 roure,
225 3038 254 3103 β
277 3043 325 3091 ium
338 3052 386 3092 lum
398 3043 469 3108 cleph,
481 3047 513 3094 K.
537 3085 569 3094 ..
592 3044 707 3094 αάυονειιο
717 3045 961 3111 Αῑὶοὸνορῑιωῶἳᾱ.
983 3045 1201 3112 odlobroyum,ll¹.
1219 3043 1264 3094 Al·

140 3105 259 3172 lobroyum
271 3126 356 3174 repeat,
368 3112 401 3162 K.
421 3152 452 3161 -
470 3110 582 3175 Auqueti,
594 3115 619 3162 d.

174 3194 258 3256 5167.
274 3186 592 3260 frapa'lem'mium,RTK.
613 3196 708 3245 nimium
712 3195 818 3261 fraqile,
830 3199 855 3248 d.
869 3195 967 3262 frayile
983 3192 1143 3260 nimirum,ss.
1167 3238 1199 3246 -
1223 3204 1264 3255 art,

139 3274 190 3311 om.
203 3263 240 3312 d'.
258 3303 290 3313 ..
309 3263 354 3326 la,
366 3256 448 3315 Βθᾱ.
467 3263 506 3326 iis,
517 3260 547 3327 β.
566 3305 598 3314 -
617 3261 758 3328 lonyr'ssa'me,
770 3265 803 3315 K.
822 3306 855 3314 -
878 3264 982 3330 contult,
993 3256 1055 3314 Βθ.
1077 3263 1199 3330 contiuqit,
1213 3261 1264 3329 (1ss.

139 3369 171 3378 ..
192 3328 258 3387 Quid
263 3339 320 3397 post
331 3331 524 3395 aestimationem,
536 3333 602 3384 Rob.
616 3374 648 3382 ...
665 3349 723 3381 suae
740 3340 830 3381 tantum
842 3331 907 3396 vivit,
918 3334 952 3384 K.
966 3374 998 3384 -
1016 3331 1119 3398 coutiyit,
1131 3332 1157 3382 Β
1165 3325 1263 3384 duur.

138 3396 257 3462 concapit,
268 3395 297 3461 β,
317 3442 349 3449 .-
367 3417 409 3451 aee
419 3408 534 3464 senectae,
545 3417 566 3452 r.
585 3442 617 3451 -
635 3417 705 3462 mors,
717 3419 737 3453 r.

172 3482 187 3542 §
200 3487 257 3531 168.
276 3490 375 3548 torpeat,
385 3486 433 3535 Rd
445 3483 532 3548 (codd.
545 3483 617 3548 Gel.)
636 3493 780 3550 torquentur,
793 3502 805 3536 r
817 3484 910 3550 (Rob.)
928 3528 960 3537 -
979 3485 1015 3536 od
1024 3487 1137 3548 ciborum,
1148 3489 1213 3538 Rob.
1232 3526 1263 3535 -

137 3543 303 3622 adnumerant,
318 3543 347 3598 θ.
360 3590 392 3600 ..
409 3551 458 3600 Est
468 3569 532 3616 erqo,
542 3570 563 3603 r.
577 3593 609 3602 -
627 3552 760 3618 Xenophili
770 3554 860 3616 mimici,
873 3557 918 3611 2².
936 3552 1108 3618 Xenophillm',
1119 3553 1185 3603 Bu.
1209 3552 1263 3601 Xe-

138 3610 360 3675 nopbalmus,Rob.
386 3617 549 3681 Xenophilum
566 3616 749 3686 musicrcru,ss7.
776 3662 809 3670 ..
836 3629 926 3670 ceritum
942 3628 966 3668 et
980 3620 1094 3683 quiaque,
1110 3620 1158 3667 Βᾰ
1175 3617 1263 3679 (codd.

137 3677 264 3742 Barbari.)
281 3678 391 3729 ducentos
403 3689 425 3730 et
436 3684 545 3747 quiaque,
557 3686 589 3735 Τ.
596 3681 728 3735 'ducentum
741 3695 763 3735 el
775 3704 807 3750 q.,
821 3683 851 3737 θ.
874 3686 979 3736 ducentis
991 3693 1013 3733 el
1024 3702 1057 3747 q.‚
1069 3681 1185 3746 roton.)
1202 3686 1263 3735 Vid.

137 3747 224 3797 Valer.
237 3749 308 3798 Max.
320 3747 397 3798 VIII.
411 3755 451 3798 13.
464 3757 516 3799 ext.
528 3757 552 3800 3.

171 3835 257 3896 §¹⁶9-
274 3830 387 3895 Hercule,
400 3833 452 3883 Rd.
470 3831 594 3894 Herculea,
605 3829 655 3896 βγ.
674 3873 706 3883 ..
725 3834 794 3883 certeis
805 3833 958 3896 (61166.-
977 3842 1023 3884 toto
1035 3850 1105 3898 anno,
1117 3836 1182 3888 Rob.

171 3914 185 3976 ἓ
200 3920 255 3968 110.
274 3916 459 3982 Atque-meru
472 3934 535 3982 quas
548 3920 579 3968 de
590 3917 616 3965 h.
628 3918 646 3966 l.
658 3926 846 3982 proposuerunt
857 3919 904 3969 u‘ri
915 3920 984 3969 docti
995 3921 1160 3983 coniecturas,
1173 3937 1262 3973 omnes
1371 3964 1374 3969 .

137 3992 196 4034 sunt
211 4000 420 4050 supervacaneae,
433 4002 491 4036 cum
499 3987 550 4036 iam
560 3985 717 4035 Mercurialis
726 4000 778 4035 var.
790 3987 859 4036 lectt.
873 3994 897 4049 6,
910 3994 959 4050 20,
967 3989 1066 4051 Dulce,
1078 3988 1100 4038 I.
1111 3989 1132 4038 1.
1149 3990 1263 4054 Scaliger

136 4050 163 4099 in
175 4051 346 4118 Scaligeranis
358 4071 383 4120 p.
397 4059 454 4106 272.
469 4061 494 4104 et
507 4053 615 4104 Salmas.
633 4053 716 4117 epistt.
729 4069 753 4117 p.
768 4056 806 4104 79.
820 4061 860 4106 86.
873 4058 904 4106 de
916 4054 1050 4122 φρενίτιδι
1067 4059 1110 4122 agi
1122 4060 1261 4118 docuerint,

137 4132 213 4179 quam
230 4124 430 4188 explicationem
451 4123 528 4173 rerba
544 4124 558 4186 ξ
576 4127 633 4173 111.
662 4119 794 4185 saperdae
816 4139 870 4173 uero
886 4123 1035 4190 ceptutudiae
1051 4133 1080 4176 ut
1097 4127 1262 4176 cordasimam

136 4186 254 4316 pffiqapt.
278 4232 308 4241 ,
334 4190 393 4240 euim
410 4206 512 4256 quoque,
528 4191 560 4240 Β.
584 4205 675 4253 quoque
691 4188 764 4252 enim,
777 4191 853 4243 STd.
876 4194 1051 4257 quoququlob.
1071 4235 1102 4243 ..
1121 4193 1262 4257 imposuit‚r
