<?xml version="1.0" encoding="UTF-8"?>
<!DOCTYPE html PUBLIC "-//W3C//DTD XHTML 1.0 Transitional//EN"
    "http://www.w3.org/TR/xhtml1/DTD/xhtml1-transitional.dtd">
<html xmlns="http://www.w3.org/1999/xhtml" xml:lang="en" lang="en">
 <head>
  <title>
</title>
<meta http-equiv="Content-Type" content="text/html;charset=utf-8" />
  <meta name='ocr-system' content='tesseract 3.04.00' />
  <meta name='ocr-capabilities' content='ocr_page ocr_carea ocr_par ocr_line ocrx_word'/>
</head>
<body>
  <div class='ocr_page' id='page_1' title='image "./cplinisecundina09plingoog_0204.png"; bbox 0 0 2896 4800; ppageno 0'>
   <div class='ocr_carea' id='block_1_1' title="bbox 363 274 1259 343">
    <p class='ocr_par' dir='ltr' id='par_1_1' title="bbox 363 274 1259 343">
     <span class='ocr_line' id='line_1_1' title="bbox 363 274 1259 343; baseline -0.003 -1"><span class='ocrx_word' id='word_1_1' title='bbox 363 297 433 343; x_wconf 81' lang='lat' dir='ltr'>ure.</span> <span class='ocrx_word' id='word_1_2' title='bbox 448 296 497 342; x_wconf 86' lang='lat' dir='ltr'>rx.</span> <span class='ocrx_word' id='word_1_3' title='bbox 526 292 605 342; x_wconf 79' lang='lat' dir='ltr'>car.</span> <span class='ocrx_word' id='word_1_4' title='bbox 622 291 775 340; x_wconf 79' lang='lat' dir='ltr'>ur..r.1v.</span> <span class='ocrx_word' id='word_1_5' title='bbox 805 290 903 339; x_wconf 85' lang='lat' dir='ltr'>sacr.</span> <span class='ocrx_word' id='word_1_6' title='bbox 920 292 1011 338; x_wconf 64' lang='lat' dir='ltr'>mre.</span> <span class='ocrx_word' id='word_1_7' title='bbox 1199 274 1259 339; x_wconf 84' lang='grc'>169</span> 
     </span>
    </p>
   </div>
   <div class='ocr_carea' id='block_1_2' title="bbox 138 442 1327 3066">
    <p class='ocr_par' dir='ltr' id='par_1_2' title="bbox 138 442 1323 941">
     <span class='ocr_line' id='line_1_2' title="bbox 183 442 1323 530; baseline -0.006 -14"><span class='ocrx_word' id='word_1_8' title='bbox 183 452 232 516; x_wconf 86' lang='grc'>76.</span> <span class='ocrx_word' id='word_1_9' title='bbox 277 449 365 515; x_wconf 85' lang='grc' dir='ltr'>Α666</span> <span class='ocrx_word' id='word_1_10' title='bbox 394 447 461 511; x_wconf 88' lang='lat' dir='ltr'>sive</span> <span class='ocrx_word' id='word_1_11' title='bbox 490 443 604 510; x_wconf 82' lang='lat' dir='ltr'>belone</span> <span class='ocrx_word' id='word_1_12' title='bbox 635 466 719 509; x_wconf 91' lang='lat' dir='ltr'>unus</span> <span class='ocrx_word' id='word_1_13' title='bbox 751 443 888 529; x_wconf 81' lang='lat' dir='ltr'><strong>piscium</strong></span> <span class='ocrx_word' id='word_1_14' title='bbox 916 442 1100 508; x_wconf 79' lang='lat' dir='ltr'>dehiscente</span> <span class='ocrx_word' id='word_1_15' title='bbox 1127 453 1260 530; x_wconf 88' lang='lat' dir='ltr'>propter</span> <span class='ocrx_word' id='word_1_16' title='bbox 1274 462 1323 509; x_wconf 89' lang='grc'>166</span> 
     </span>
     <span class='ocr_line' id='line_1_3' title="bbox 139 543 1261 631; baseline -0.008 -14"><span class='ocrx_word' id='word_1_17' title='bbox 139 551 375 617; x_wconf 82' lang='lat' dir='ltr'>multitudinem</span> <span class='ocrx_word' id='word_1_18' title='bbox 396 556 488 612; x_wconf 89' lang='lat' dir='ltr'>utero</span> <span class='ocrx_word' id='word_1_19' title='bbox 510 546 610 631; x_wconf 81' lang='lat' dir='ltr'>parit3</span> <span class='ocrx_word' id='word_1_20' title='bbox 643 567 662 609; x_wconf 94' lang='lat' dir='ltr'>a</span> <span class='ocrx_word' id='word_1_21' title='bbox 683 555 779 630; x_wconf 88' lang='lat' dir='ltr'>partu</span> <span class='ocrx_word' id='word_1_22' title='bbox 801 543 953 608; x_wconf 77' lang='lat' dir='ltr'>coalescit</span> <span class='ocrx_word' id='word_1_23' title='bbox 974 544 1099 621; x_wconf 88' lang='lat' dir='ltr'>volnus,</span> <span class='ocrx_word' id='word_1_24' title='bbox 1121 544 1208 627; x_wconf 90' lang='lat' dir='ltr'>quod</span> <span class='ocrx_word' id='word_1_25' title='bbox 1230 555 1261 610; x_wconf 85' lang='lat' dir='ltr'>et</span> 
     </span>
     <span class='ocr_line' id='line_1_4' title="bbox 138 645 1261 735; baseline -0.003 -20"><span class='ocrx_word' id='word_1_26' title='bbox 138 653 171 717; x_wconf 91' lang='lat' dir='ltr'>in</span> <span class='ocrx_word' id='word_1_27' title='bbox 193 653 296 717; x_wconf 89' lang='lat' dir='ltr'>caecis</span> <span class='ocrx_word' id='word_1_28' title='bbox 324 646 527 735; x_wconf 78' lang='lat' dir='ltr'>serpentibus</span> <span class='ocrx_word' id='word_1_29' title='bbox 549 647 689 712; x_wconf 82' lang='lat' dir='ltr'>tradunt.</span> <span class='ocrx_word' id='word_1_30' title='bbox 719 645 798 710; x_wconf 89' lang='lat' dir='ltr'>Mus</span> <span class='ocrx_word' id='word_1_31' title='bbox 818 646 960 710; x_wconf 88' lang='lat' dir='ltr'>marinus</span> <span class='ocrx_word' id='word_1_32' title='bbox 987 645 1021 709; x_wconf 92' lang='lat' dir='ltr'>in</span> <span class='ocrx_word' id='word_1_33' title='bbox 1044 655 1128 709; x_wconf 88' lang='lat' dir='ltr'>terra</span> <span class='ocrx_word' id='word_1_34' title='bbox 1149 646 1261 712; x_wconf 85' lang='lat' dir='ltr'>scrobe</span> 
     </span>
     <span class='ocr_line' id='line_1_5' title="bbox 139 745 1263 837; baseline -0.007 -18"><span class='ocrx_word' id='word_1_35' title='bbox 139 755 256 818; x_wconf 85' lang='lat' dir='ltr'>effosso</span> <span class='ocrx_word' id='word_1_36' title='bbox 278 751 365 837; x_wconf 87' lang='lat' dir='ltr'>parit</span> <span class='ocrx_word' id='word_1_37' title='bbox 385 773 446 815; x_wconf 91' lang='lat' dir='ltr'>ova</span> <span class='ocrx_word' id='word_1_38' title='bbox 468 759 500 814; x_wconf 91' lang='lat' dir='ltr'>et</span> <span class='ocrx_word' id='word_1_39' title='bbox 521 771 634 813; x_wconf 90' lang='lat' dir='ltr'>rursus</span> <span class='ocrx_word' id='word_1_40' title='bbox 655 748 763 814; x_wconf 89' lang='lat' dir='ltr'>obruit</span> <span class='ocrx_word' id='word_1_41' title='bbox 778 757 873 824; x_wconf 89' lang='lat' dir='ltr'>terra,</span> <span class='ocrx_word' id='word_1_42' title='bbox 896 745 1055 811; x_wconf 88' lang='lat' dir='ltr'>tricesimo</span> <span class='ocrx_word' id='word_1_43' title='bbox 1069 745 1122 810; x_wconf 90' lang='lat' dir='ltr'>die</span> <span class='ocrx_word' id='word_1_44' title='bbox 1137 746 1263 811; x_wconf 86' lang='lat' dir='ltr'>refossa</span> 
     </span>
     <span class='ocr_line' id='line_1_6' title="bbox 140 850 741 941; baseline -0.008 -22"><span class='ocrx_word' id='word_1_45' title='bbox 140 856 243 941; x_wconf 89' lang='lat' dir='ltr'>aperit</span> <span class='ocrx_word' id='word_1_46' title='bbox 264 855 429 935; x_wconf 86' lang='lat' dir='ltr'>fetumque</span> <span class='ocrx_word' id='word_1_47' title='bbox 451 851 484 914; x_wconf 92' lang='lat' dir='ltr'>in</span> <span class='ocrx_word' id='word_1_48' title='bbox 506 872 622 934; x_wconf 89' lang='lat' dir='ltr'>aquam</span> <span class='ocrx_word' id='word_1_49' title='bbox 643 850 741 914; x_wconf 90' lang='lat' dir='ltr'>ducit.</span> 
     </span>
    </p>

    <p class='ocr_par' dir='ltr' id='par_1_3' title="bbox 140 948 1263 1241">
     <span class='ocr_line' id='line_1_7' title="bbox 181 948 1261 1037; baseline -0.006 -18"><span class='ocrx_word' id='word_1_50' title='bbox 181 955 257 1018; x_wconf 91' lang='lat' dir='ltr'><strong>LII.</strong></span> <span class='ocrx_word' id='word_1_51' title='bbox 286 956 337 1019; x_wconf 81' lang='lat'>77.</span> <span class='ocrx_word' id='word_1_52' title='bbox 373 951 523 1037; x_wconf 88' lang='lat' dir='ltr'>Erythini</span> <span class='ocrx_word' id='word_1_53' title='bbox 557 961 589 1015; x_wconf 91' lang='lat' dir='ltr'>et</span> <span class='ocrx_word' id='word_1_54' title='bbox 622 949 763 1015; x_wconf 91' lang='lat' dir='ltr'>channae</span> <span class='ocrx_word' id='word_1_55' title='bbox 790 950 902 1016; x_wconf 83' lang='lat' dir='ltr'>volvas</span> <span class='ocrx_word' id='word_1_56' title='bbox 927 948 1048 1015; x_wconf 87' lang='lat' dir='ltr'>habere</span> <span class='ocrx_word' id='word_1_57' title='bbox 1075 949 1244 1014; x_wconf 89' lang='lat' dir='ltr'>traduntur</span> <span class='ocrx_word' id='word_1_58' title='bbox 1251 975 1261 1026; x_wconf 89' lang='lat'>;</span> 
     </span>
     <span class='ocr_line' id='line_1_8' title="bbox 140 1049 1263 1141; baseline -0.004 -21"><span class='ocrx_word' id='word_1_59' title='bbox 140 1056 197 1141; x_wconf 91' lang='lat' dir='ltr'>qui</span> <span class='ocrx_word' id='word_1_60' title='bbox 239 1054 366 1120; x_wconf 88' lang='lat' dir='ltr'>trochos</span> <span class='ocrx_word' id='word_1_61' title='bbox 405 1053 587 1139; x_wconf 90' lang='lat' dir='ltr'>appellatur</span> <span class='ocrx_word' id='word_1_62' title='bbox 618 1073 638 1116; x_wconf 90' lang='lat' dir='ltr'>a</span> <span class='ocrx_word' id='word_1_63' title='bbox 672 1050 808 1118; x_wconf 84' lang='lat' dir='ltr'>Graecis</span> <span class='ocrx_word' id='word_1_64' title='bbox 845 1053 915 1138; x_wconf 91' lang='lat' dir='ltr'>ipse</span> <span class='ocrx_word' id='word_1_65' title='bbox 948 1074 982 1117; x_wconf 91' lang='lat' dir='ltr'>se</span> <span class='ocrx_word' id='word_1_66' title='bbox 1014 1051 1106 1117; x_wconf 90' lang='lat' dir='ltr'>inire.</span> <span class='ocrx_word' id='word_1_67' title='bbox 1159 1049 1263 1116; x_wconf 80' lang='lat' dir='ltr'>Fetus</span> 
     </span>
     <span class='ocr_line' id='line_1_9' title="bbox 140 1152 942 1241; baseline -0.005 -20"><span class='ocrx_word' id='word_1_68' title='bbox 140 1152 281 1221; x_wconf 88' lang='lat' dir='ltr'>omnium</span> <span class='ocrx_word' id='word_1_69' title='bbox 303 1155 490 1241; x_wconf 86' lang='lat' dir='ltr'>aquatilium</span> <span class='ocrx_word' id='word_1_70' title='bbox 511 1154 594 1218; x_wconf 88' lang='lat' dir='ltr'>inter</span> <span class='ocrx_word' id='word_1_71' title='bbox 614 1153 707 1219; x_wconf 90' lang='lat' dir='ltr'>initia</span> <span class='ocrx_word' id='word_1_72' title='bbox 727 1154 800 1220; x_wconf 82' lang='lat' dir='ltr'>visu</span> <span class='ocrx_word' id='word_1_73' title='bbox 823 1164 942 1220; x_wconf 89' lang='lat' dir='ltr'>carent.</span> 
     </span>
    </p>

    <p class='ocr_par' dir='ltr' id='par_1_4' title="bbox 139 1254 1325 1950">
     <span class='ocr_line' id='line_1_10' title="bbox 181 1254 1325 1340; baseline -0.002 -19"><span class='ocrx_word' id='word_1_74' title='bbox 181 1256 276 1322; x_wconf 86' lang='lat' dir='ltr'><strong>LIII.</strong></span> <span class='ocrx_word' id='word_1_75' title='bbox 306 1257 357 1321; x_wconf 80' lang='grc'>78.</span> <span class='ocrx_word' id='word_1_76' title='bbox 393 1254 480 1321; x_wconf 84' lang='lat' dir='ltr'>Aevi</span> <span class='ocrx_word' id='word_1_77' title='bbox 508 1255 647 1339; x_wconf 87' lang='lat' dir='ltr'>piscium</span> <span class='ocrx_word' id='word_1_78' title='bbox 683 1256 923 1321; x_wconf 88' lang='lat' dir='ltr'>memorandum</span> <span class='ocrx_word' id='word_1_79' title='bbox 948 1276 1052 1340; x_wconf 87' lang='lat' dir='ltr'>nuper</span> <span class='ocrx_word' id='word_1_80' title='bbox 1081 1254 1263 1340; x_wconf 88' lang='lat' dir='ltr'>exemplum</span> <span class='ocrx_word' id='word_1_81' title='bbox 1277 1272 1325 1319; x_wconf 77' lang='lat' dir='ltr'>rot</span> 
     </span>
     <span class='ocr_line' id='line_1_11' title="bbox 141 1355 1263 1443; baseline -0.001 -21"><span class='ocrx_word' id='word_1_82' title='bbox 141 1357 336 1443; x_wconf 90' lang='lat' dir='ltr'>accepimus.</span> <span class='ocrx_word' id='word_1_83' title='bbox 372 1356 585 1442; x_wconf 82' lang='lat' dir='ltr'>Pausilypum</span> <span class='ocrx_word' id='word_1_84' title='bbox 617 1357 692 1421; x_wconf 89' lang='lat' dir='ltr'>villa</span> <span class='ocrx_word' id='word_1_85' title='bbox 726 1367 776 1422; x_wconf 90' lang='lat' dir='ltr'>est</span> <span class='ocrx_word' id='word_1_86' title='bbox 802 1355 999 1443; x_wconf 82' lang='lat' dir='ltr'>Campaniae</span> <span class='ocrx_word' id='word_1_87' title='bbox 1029 1355 1117 1420; x_wconf 91' lang='lat' dir='ltr'>haud</span> <span class='ocrx_word' id='word_1_88' title='bbox 1149 1356 1263 1442; x_wconf 89' lang='lat' dir='ltr'>procul</span> 
     </span>
     <span class='ocr_line' id='line_1_12' title="bbox 140 1455 1260 1545; baseline 0.001 -23"><span class='ocrx_word' id='word_1_89' title='bbox 140 1457 293 1545; x_wconf 81' lang='lat' dir='ltr'>Neapoli3</span> <span class='ocrx_word' id='word_1_90' title='bbox 315 1458 350 1522; x_wconf 91' lang='lat' dir='ltr'>in</span> <span class='ocrx_word' id='word_1_91' title='bbox 371 1481 409 1524; x_wconf 91' lang='lat' dir='ltr'>ea</span> <span class='ocrx_word' id='word_1_92' title='bbox 430 1458 464 1522; x_wconf 92' lang='lat' dir='ltr'>in</span> <span class='ocrx_word' id='word_1_93' title='bbox 487 1455 637 1523; x_wconf 81' lang='lat' dir='ltr'>Caesaris</span> <span class='ocrx_word' id='word_1_94' title='bbox 658 1458 790 1544; x_wconf 86' lang='lat' dir='ltr'>piscinis</span> <span class='ocrx_word' id='word_1_95' title='bbox 817 1481 837 1523; x_wconf 92' lang='lat' dir='ltr'>a</span> <span class='ocrx_word' id='word_1_96' title='bbox 858 1457 1003 1524; x_wconf 84' lang='lat' dir='ltr'>Pollione</span> <span class='ocrx_word' id='word_1_97' title='bbox 1024 1455 1131 1524; x_wconf 86' lang='lat' dir='ltr'>Vedio</span> <span class='ocrx_word' id='word_1_98' title='bbox 1153 1459 1260 1523; x_wconf 91' lang='lat' dir='ltr'>conic-</span> 
     </span>
     <span class='ocr_line' id='line_1_13' title="bbox 140 1559 1261 1647; baseline -0.001 -22"><span class='ocrx_word' id='word_1_99' title='bbox 140 1570 228 1625; x_wconf 89' lang='lat' dir='ltr'>ctum</span> <span class='ocrx_word' id='word_1_100' title='bbox 249 1559 370 1647; x_wconf 89' lang='lat' dir='ltr'>piscem</span> <span class='ocrx_word' id='word_1_101' title='bbox 393 1559 627 1646; x_wconf 85' lang='lat' dir='ltr'>sexagesimum</span> <span class='ocrx_word' id='word_1_102' title='bbox 642 1569 717 1646; x_wconf 91' lang='lat' dir='ltr'>post</span> <span class='ocrx_word' id='word_1_103' title='bbox 730 1583 849 1626; x_wconf 91' lang='lat' dir='ltr'>annum</span> <span class='ocrx_word' id='word_1_104' title='bbox 869 1559 1049 1646; x_wconf 85' lang='lat' dir='ltr'>exspirasse</span> <span class='ocrx_word' id='word_1_105' title='bbox 1064 1559 1175 1625; x_wconf 84' lang='lat' dir='ltr'>scribit</span> <span class='ocrx_word' id='word_1_106' title='bbox 1188 1559 1261 1625; x_wconf 85' lang='lat' dir='ltr'>An-</span> 
     </span>
     <span class='ocr_line' id='line_1_14' title="bbox 139 1659 1262 1748; baseline 0.002 -23"><span class='ocrx_word' id='word_1_107' title='bbox 139 1683 240 1726; x_wconf 87' lang='lat' dir='ltr'>naeus</span> <span class='ocrx_word' id='word_1_108' title='bbox 261 1659 397 1740; x_wconf 83' lang='lat' dir='ltr'>Seneca,</span> <span class='ocrx_word' id='word_1_109' title='bbox 421 1660 547 1727; x_wconf 91' lang='lat' dir='ltr'>duobus</span> <span class='ocrx_word' id='word_1_110' title='bbox 568 1661 639 1726; x_wconf 88' lang='lat' dir='ltr'>aliis</span> <span class='ocrx_word' id='word_1_111' title='bbox 660 1661 849 1746; x_wconf 90' lang='lat' dir='ltr'>aequalibus</span> <span class='ocrx_word' id='word_1_112' title='bbox 871 1662 939 1727; x_wconf 90' lang='lat' dir='ltr'>eius</span> <span class='ocrx_word' id='word_1_113' title='bbox 962 1683 1003 1727; x_wconf 86' lang='lat' dir='ltr'>cx</span> <span class='ocrx_word' id='word_1_114' title='bbox 1017 1661 1130 1726; x_wconf 91' lang='lat' dir='ltr'>eodem</span> <span class='ocrx_word' id='word_1_115' title='bbox 1143 1684 1262 1748; x_wconf 89' lang='lat' dir='ltr'>genere</span> 
     </span>
     <span class='ocr_line' id='line_1_15' title="bbox 141 1760 1262 1850; baseline 0.002 -23"><span class='ocrx_word' id='word_1_116' title='bbox 141 1773 216 1828; x_wconf 92' lang='lat' dir='ltr'>tuno</span> <span class='ocrx_word' id='word_1_117' title='bbox 237 1763 429 1829; x_wconf 86' lang='lat' dir='ltr'>viventibus.</span> <span class='ocrx_word' id='word_1_118' title='bbox 460 1760 554 1842; x_wconf 82' lang='lat' dir='ltr'>Quae</span> <span class='ocrx_word' id='word_1_119' title='bbox 575 1762 695 1826; x_wconf 86' lang='lat' dir='ltr'>mentio</span> <span class='ocrx_word' id='word_1_120' title='bbox 716 1761 914 1847; x_wconf 88' lang='lat' dir='ltr'>piscinarum</span> <span class='ocrx_word' id='word_1_121' title='bbox 939 1761 1089 1827; x_wconf 91' lang='lat' dir='ltr'>admonet</span> <span class='ocrx_word' id='word_1_122' title='bbox 1108 1773 1145 1828; x_wconf 91' lang='lat' dir='ltr'>ut</span> <span class='ocrx_word' id='word_1_123' title='bbox 1165 1765 1262 1850; x_wconf 89' lang='lat' dir='ltr'>paulo</span> 
     </span>
     <span class='ocr_line' id='line_1_16' title="bbox 140 1862 1262 1950; baseline 0.001 -22"><span class='ocrx_word' id='word_1_124' title='bbox 140 1864 233 1949; x_wconf 90' lang='lat' dir='ltr'>plura</span> <span class='ocrx_word' id='word_1_125' title='bbox 244 1864 388 1929; x_wconf 91' lang='lat' dir='ltr'>dicamus</span> <span class='ocrx_word' id='word_1_126' title='bbox 398 1863 459 1928; x_wconf 91' lang='lat' dir='ltr'>hac</span> <span class='ocrx_word' id='word_1_127' title='bbox 470 1863 510 1928; x_wconf 93' lang='lat' dir='ltr'>de</span> <span class='ocrx_word' id='word_1_128' title='bbox 522 1885 568 1940; x_wconf 91' lang='lat' dir='ltr'>re,</span> <span class='ocrx_word' id='word_1_129' title='bbox 576 1863 765 1949; x_wconf 90' lang='lat' dir='ltr'>priusquam</span> <span class='ocrx_word' id='word_1_130' title='bbox 776 1863 994 1950; x_wconf 83' lang='lat' dir='ltr'>dIgrediamur</span> <span class='ocrx_word' id='word_1_131' title='bbox 1004 1862 1046 1928; x_wconf 90' lang='lat' dir='ltr'>ab</span> <span class='ocrx_word' id='word_1_132' title='bbox 1056 1863 1262 1947; x_wconf 85' lang='lat' dir='ltr'>aquatilibus.</span> 
     </span>
    </p>

    <p class='ocr_par' dir='ltr' id='par_1_5' title="bbox 140 1961 1325 2452">
     <span class='ocr_line' id='line_1_17' title="bbox 183 1961 1325 2051; baseline -0.003 -23"><span class='ocrx_word' id='word_1_133' title='bbox 183 1962 275 2032; x_wconf 89' lang='lat' dir='ltr'>LIV.</span> <span class='ocrx_word' id='word_1_134' title='bbox 312 1968 363 2030; x_wconf 79' lang='lat'>79.</span> <span class='ocrx_word' id='word_1_135' title='bbox 408 1963 600 2030; x_wconf 89' lang='lat' dir='ltr'>Ostrearum</span> <span class='ocrx_word' id='word_1_136' title='bbox 638 1965 762 2030; x_wconf 87' lang='lat' dir='ltr'>vivaria</span> <span class='ocrx_word' id='word_1_137' title='bbox 797 1965 920 2051; x_wconf 87' lang='lat' dir='ltr'>primus</span> <span class='ocrx_word' id='word_1_138' title='bbox 954 1963 1096 2028; x_wconf 91' lang='lat' dir='ltr'>omnium</span> <span class='ocrx_word' id='word_1_139' title='bbox 1128 1961 1263 2050; x_wconf 85' lang='lat' dir='ltr'>Sergius</span> <span class='ocrx_word' id='word_1_140' title='bbox 1278 1981 1325 2027; x_wconf 90' lang='grc'>166</span> 
     </span>
     <span class='ocr_line' id='line_1_18' title="bbox 142 2063 1262 2132; baseline 0 -2"><span class='ocrx_word' id='word_1_141' title='bbox 142 2064 246 2131; x_wconf 88' lang='lat' dir='ltr'>Orata</span> <span class='ocrx_word' id='word_1_142' title='bbox 265 2066 389 2132; x_wconf 88' lang='lat' dir='ltr'>invenit</span> <span class='ocrx_word' id='word_1_143' title='bbox 409 2066 442 2129; x_wconf 94' lang='lat' dir='ltr'>in</span> <span class='ocrx_word' id='word_1_144' title='bbox 464 2064 586 2129; x_wconf 90' lang='lat' dir='ltr'>Baiano</span> <span class='ocrx_word' id='word_1_145' title='bbox 608 2074 715 2130; x_wconf 88' lang='lat' dir='ltr'>aetate</span> <span class='ocrx_word' id='word_1_146' title='bbox 736 2065 778 2130; x_wconf 91' lang='lat' dir='ltr'>L.</span> <span class='ocrx_word' id='word_1_147' title='bbox 794 2063 905 2130; x_wconf 84' lang='lat' dir='ltr'>Crassi</span> <span class='ocrx_word' id='word_1_148' title='bbox 927 2064 1060 2129; x_wconf 89' lang='lat' dir='ltr'>oratoris</span> <span class='ocrx_word' id='word_1_149' title='bbox 1082 2075 1157 2130; x_wconf 87' lang='lat' dir='ltr'>ante</span> <span class='ocrx_word' id='word_1_150' title='bbox 1171 2063 1262 2130; x_wconf 90' lang='lat' dir='ltr'>Mar·</span> 
     </span>
     <span class='ocr_line' id='line_1_19' title="bbox 142 2165 1262 2252; baseline -0.001 -20"><span class='ocrx_word' id='word_1_151' title='bbox 142 2166 243 2232; x_wconf 88' lang='lat' dir='ltr'>sicum</span> <span class='ocrx_word' id='word_1_152' title='bbox 264 2167 395 2245; x_wconf 87' lang='lat' dir='ltr'>bellum,</span> <span class='ocrx_word' id='word_1_153' title='bbox 423 2187 485 2230; x_wconf 91' lang='lat' dir='ltr'>nec</span> <span class='ocrx_word' id='word_1_154' title='bbox 507 2165 602 2252; x_wconf 85' lang='lat' dir='ltr'>gulae</span> <span class='ocrx_word' id='word_1_155' title='bbox 625 2185 722 2230; x_wconf 89' lang='lat' dir='ltr'>causa</span> <span class='ocrx_word' id='word_1_156' title='bbox 749 2165 808 2230; x_wconf 90' lang='lat' dir='ltr'>sed</span> <span class='ocrx_word' id='word_1_157' title='bbox 830 2165 993 2243; x_wconf 88' lang='lat' dir='ltr'>avaritiae,</span> <span class='ocrx_word' id='word_1_158' title='bbox 1022 2188 1141 2252; x_wconf 84' lang='lat' dir='ltr'>magna</span> <span class='ocrx_word' id='word_1_159' title='bbox 1161 2167 1262 2231; x_wconf 89' lang='lat' dir='ltr'>vecti-</span> 
     </span>
     <span class='ocr_line' id='line_1_20' title="bbox 141 2265 1264 2354; baseline 0.001 -22"><span class='ocrx_word' id='word_1_160' title='bbox 141 2269 227 2354; x_wconf 82' lang='lat' dir='ltr'>galia</span> <span class='ocrx_word' id='word_1_161' title='bbox 254 2269 309 2333; x_wconf 87' lang='lat' dir='ltr'>tali</span> <span class='ocrx_word' id='word_1_162' title='bbox 331 2289 372 2333; x_wconf 86' lang='lat' dir='ltr'>ex</span> <span class='ocrx_word' id='word_1_163' title='bbox 393 2267 523 2354; x_wconf 87' lang='lat' dir='ltr'>ingenio</span> <span class='ocrx_word' id='word_1_164' title='bbox 546 2287 604 2331; x_wconf 86' lang='lat' dir='ltr'>suo</span> <span class='ocrx_word' id='word_1_165' title='bbox 625 2267 818 2350; x_wconf 87' lang='lat' dir='ltr'>percipiens,</span> <span class='ocrx_word' id='word_1_166' title='bbox 847 2276 885 2331; x_wconf 91' lang='lat' dir='ltr'>ut</span> <span class='ocrx_word' id='word_1_167' title='bbox 912 2266 968 2350; x_wconf 90' lang='lat' dir='ltr'>qui</span> <span class='ocrx_word' id='word_1_168' title='bbox 989 2265 1112 2351; x_wconf 93' lang='lat' dir='ltr'>primus</span> <span class='ocrx_word' id='word_1_169' title='bbox 1132 2268 1264 2352; x_wconf 89' lang='lat' dir='ltr'>pensilis</span> 
     </span>
     <span class='ocr_line' id='line_1_21' title="bbox 140 2366 1264 2452; baseline 0.002 -20"><span class='ocrx_word' id='word_1_170' title='bbox 140 2368 301 2432; x_wconf 84' lang='lat' dir='ltr'>invenerit</span> <span class='ocrx_word' id='word_1_171' title='bbox 320 2368 463 2446; x_wconf 90' lang='lat' dir='ltr'>balneas,</span> <span class='ocrx_word' id='word_1_172' title='bbox 484 2367 531 2432; x_wconf 88' lang='lat' dir='ltr'>ita</span> <span class='ocrx_word' id='word_1_173' title='bbox 552 2366 792 2452; x_wconf 86' lang='lat' dir='ltr'>mangonicatas</span> <span class='ocrx_word' id='word_1_174' title='bbox 803 2368 907 2433; x_wconf 62' lang='lat' dir='ltr'>arillae</span> <span class='ocrx_word' id='word_1_175' title='bbox 927 2367 1063 2433; x_wconf 90' lang='lat' dir='ltr'>subinde</span> <span class='ocrx_word' id='word_1_176' title='bbox 1084 2369 1264 2435; x_wconf 87' lang='lat' dir='ltr'>vendendo.</span> 
     </span>
    </p>

    <p class='ocr_par' dir='ltr' id='par_1_6' title="bbox 141 2466 1327 3066">
     <span class='ocr_line' id='line_1_22' title="bbox 141 2466 1263 2554; baseline 0.003 -21"><span class='ocrx_word' id='word_1_177' title='bbox 141 2468 176 2533; x_wconf 92' lang='lat' dir='ltr'>Is</span> <span class='ocrx_word' id='word_1_178' title='bbox 207 2467 331 2553; x_wconf 88' lang='lat' dir='ltr'>primus</span> <span class='ocrx_word' id='word_1_179' title='bbox 359 2478 528 2554; x_wconf 91' lang='lat' dir='ltr'>optumum</span> <span class='ocrx_word' id='word_1_180' title='bbox 555 2487 702 2553; x_wconf 88' lang='lat' dir='ltr'>saporem</span> <span class='ocrx_word' id='word_1_181' title='bbox 733 2467 846 2532; x_wconf 90' lang='lat' dir='ltr'>ostreis</span> <span class='ocrx_word' id='word_1_182' title='bbox 874 2466 1027 2534; x_wconf 88' lang='lat' dir='ltr'>Lucrinis</span> <span class='ocrx_word' id='word_1_183' title='bbox 1057 2469 1263 2548; x_wconf 84' lang='lat' dir='ltr'>adiudicarit‚</span> 
     </span>
     <span class='ocr_line' id='line_1_23' title="bbox 142 2569 1263 2656; baseline 0.004 -22"><span class='ocrx_word' id='word_1_184' title='bbox 142 2569 273 2656; x_wconf 87' lang='lat' dir='ltr'>quando</span> <span class='ocrx_word' id='word_1_185' title='bbox 293 2569 406 2634; x_wconf 86' lang='lat' dir='ltr'>eadem</span> <span class='ocrx_word' id='word_1_186' title='bbox 426 2569 615 2653; x_wconf 88' lang='lat' dir='ltr'>aquatilium</span> <span class='ocrx_word' id='word_1_187' title='bbox 636 2590 758 2655; x_wconf 87' lang='lat' dir='ltr'>genera</span> <span class='ocrx_word' id='word_1_188' title='bbox 778 2569 877 2635; x_wconf 92' lang='lat' dir='ltr'>aliubi</span> <span class='ocrx_word' id='word_1_189' title='bbox 891 2580 988 2654; x_wconf 91' lang='lat' dir='ltr'>atque</span> <span class='ocrx_word' id='word_1_190' title='bbox 1003 2570 1102 2636; x_wconf 88' lang='lat' dir='ltr'>aliubi</span> <span class='ocrx_word' id='word_1_191' title='bbox 1116 2573 1263 2650; x_wconf 90' lang='lat' dir='ltr'>meliora;</span> 
     </span>
     <span class='ocr_line' id='line_1_24' title="bbox 142 2670 1327 2760; baseline -0.003 -24"><span class='ocrx_word' id='word_1_192' title='bbox 142 2672 226 2738; x_wconf 91' lang='lat' dir='ltr'>sicut</span> <span class='ocrx_word' id='word_1_193' title='bbox 245 2671 316 2758; x_wconf 91' lang='lat' dir='ltr'>lupi</span> <span class='ocrx_word' id='word_1_194' title='bbox 334 2672 441 2759; x_wconf 89' lang='lat' dir='ltr'>pisces</span> <span class='ocrx_word' id='word_1_195' title='bbox 463 2671 498 2735; x_wconf 91' lang='lat' dir='ltr'>in</span> <span class='ocrx_word' id='word_1_196' title='bbox 519 2670 628 2737; x_wconf 85' lang='lat' dir='ltr'>Tiberi</span> <span class='ocrx_word' id='word_1_197' title='bbox 651 2695 743 2738; x_wconf 91' lang='lat' dir='ltr'>amne</span> <span class='ocrx_word' id='word_1_198' title='bbox 763 2673 848 2738; x_wconf 89' lang='lat' dir='ltr'>inter</span> <span class='ocrx_word' id='word_1_199' title='bbox 869 2673 950 2739; x_wconf 91' lang='lat' dir='ltr'>duos</span> <span class='ocrx_word' id='word_1_200' title='bbox 969 2674 1089 2760; x_wconf 91' lang='lat' dir='ltr'>pontis,</span> <span class='ocrx_word' id='word_1_201' title='bbox 1111 2674 1264 2740; x_wconf 90' lang='lat' dir='ltr'>rhombus</span> <span class='ocrx_word' id='word_1_202' title='bbox 1280 2689 1327 2736; x_wconf 84' lang='grc'>166</span> 
     </span>
     <span class='ocr_line' id='line_1_25' title="bbox 142 2771 1266 2864; baseline 0.003 -26"><span class='ocrx_word' id='word_1_203' title='bbox 142 2773 327 2853; x_wconf 87' lang='lat' dir='ltr'>Ravennae,</span> <span class='ocrx_word' id='word_1_204' title='bbox 360 2796 495 2839; x_wconf 89' lang='lat' dir='ltr'>murena</span> <span class='ocrx_word' id='word_1_205' title='bbox 520 2773 555 2837; x_wconf 91' lang='lat' dir='ltr'>in</span> <span class='ocrx_word' id='word_1_206' title='bbox 577 2771 699 2854; x_wconf 86' lang='lat' dir='ltr'>Sicilia,</span> <span class='ocrx_word' id='word_1_207' title='bbox 733 2776 822 2862; x_wconf 93' lang='lat' dir='ltr'>elops</span> <span class='ocrx_word' id='word_1_208' title='bbox 843 2775 961 2855; x_wconf 87' lang='lat' dir='ltr'>Rhodi,</span> <span class='ocrx_word' id='word_1_209' title='bbox 990 2788 1022 2842; x_wconf 92' lang='lat' dir='ltr'>et</span> <span class='ocrx_word' id='word_1_210' title='bbox 1052 2776 1115 2842; x_wconf 91' lang='lat' dir='ltr'>alia</span> <span class='ocrx_word' id='word_1_211' title='bbox 1144 2799 1266 2864; x_wconf 85' lang='lat' dir='ltr'>genera</span> 
     </span>
     <span class='ocr_line' id='line_1_26' title="bbox 143 2874 1264 2963; baseline 0.004 -24"><span class='ocrx_word' id='word_1_212' title='bbox 143 2874 296 2955; x_wconf 86' lang='lat' dir='ltr'>similiter,</span> <span class='ocrx_word' id='word_1_213' title='bbox 323 2899 366 2942; x_wconf 92' lang='lat' dir='ltr'>ne</span> <span class='ocrx_word' id='word_1_214' title='bbox 388 2875 567 2942; x_wconf 80' lang='lat' dir='ltr'>cuIInarum</span> <span class='ocrx_word' id='word_1_215' title='bbox 588 2898 723 2941; x_wconf 90' lang='lat' dir='ltr'>censura</span> <span class='ocrx_word' id='word_1_216' title='bbox 744 2888 928 2963; x_wconf 86' lang='lat' dir='ltr'>peragatur.</span> <span class='ocrx_word' id='word_1_217' title='bbox 960 2876 1113 2944; x_wconf 90' lang='lat' dir='ltr'>Nondum</span> <span class='ocrx_word' id='word_1_218' title='bbox 1132 2878 1264 2945; x_wconf 86' lang='lat' dir='ltr'>Britan·</span> 
     </span>
     <span class='ocr_line' id='line_1_27' title="bbox 141 2975 1266 3066; baseline 0.005 -26"><span class='ocrx_word' id='word_1_219' title='bbox 141 2977 216 3042; x_wconf 91' lang='lat' dir='ltr'>nica</span> <span class='ocrx_word' id='word_1_220' title='bbox 238 2976 421 3042; x_wconf 88' lang='lat' dir='ltr'>serviebant</span> <span class='ocrx_word' id='word_1_221' title='bbox 433 2977 538 3056; x_wconf 89' lang='lat' dir='ltr'>litora,</span> <span class='ocrx_word' id='word_1_222' title='bbox 560 2998 634 3042; x_wconf 93' lang='lat' dir='ltr'>cum</span> <span class='ocrx_word' id='word_1_223' title='bbox 648 2975 751 3042; x_wconf 90' lang='lat' dir='ltr'>Orata</span> <span class='ocrx_word' id='word_1_224' title='bbox 765 2977 910 3044; x_wconf 89' lang='lat' dir='ltr'>Lucrina</span> <span class='ocrx_word' id='word_1_225' title='bbox 928 2978 1131 3057; x_wconf 73' lang='lat' dir='ltr'>nobilitabat,</span> <span class='ocrx_word' id='word_1_226' title='bbox 1153 2992 1266 3066; x_wconf 88' lang='lat' dir='ltr'>postea</span> 
     </span>
    </p>
   </div>
   <div class='ocr_carea' id='block_1_3' title="bbox 144 3149 1264 3318">
    <p class='ocr_par' dir='ltr' id='par_1_7' title="bbox 144 3149 1264 3318">
     <span class='ocr_line' id='line_1_28' title="bbox 144 3149 1264 3252; baseline 0.003 -17"><span class='ocrx_word' id='word_1_227' title='bbox 144 3224 176 3235; x_wconf 81' lang='lat'>..</span> <span class='ocrx_word' id='word_1_228' title='bbox 195 3200 277 3248; x_wconf 81' lang='lat' dir='ltr'>eoque,</span> <span class='ocrx_word' id='word_1_229' title='bbox 289 3186 321 3236; x_wconf 86' lang='lat' dir='ltr'>R.</span> <span class='ocrx_word' id='word_1_230' title='bbox 339 3183 487 3248; x_wconf 78' lang='lat' dir='ltr'>tuaequae,</span> <span class='ocrx_word' id='word_1_231' title='bbox 500 3187 524 3235; x_wconf 88' lang='lat' dir='ltr'>d.</span> <span class='ocrx_word' id='word_1_232' title='bbox 542 3227 574 3236; x_wconf 80' lang='grc'><strong>-</strong></span> <span class='ocrx_word' id='word_1_233' title='bbox 594 3184 661 3247; x_wconf 82' lang='lat' dir='ltr'>inter,</span> <span class='ocrx_word' id='word_1_234' title='bbox 675 3186 699 3235; x_wconf 84' lang='lat' dir='ltr'>d.</span> <span class='ocrx_word' id='word_1_235' title='bbox 713 3226 744 3235; x_wconf 87' lang='lat'><em>-</em></span> <span class='ocrx_word' id='word_1_236' title='bbox 763 3185 917 3252; x_wconf 73' lang='lat' dir='ltr'>cartilcqr&#39;ra,</span> <span class='ocrx_word' id='word_1_237' title='bbox 929 3188 983 3237; x_wconf 85' lang='lat' dir='ltr'>Rd.</span> <span class='ocrx_word' id='word_1_238' title='bbox 1002 3227 1034 3236; x_wconf 86' lang='lat'>..</span> <span class='ocrx_word' id='word_1_239' title='bbox 1053 3185 1158 3249; x_wconf 78' lang='lat' dir='ltr'>Silurus,</span> <span class='ocrx_word' id='word_1_240' title='bbox 1169 3149 1192 3237; x_wconf 81' lang='grc' dir='ltr'>ν.</span> <span class='ocrx_word' id='word_1_241' title='bbox 1205 3188 1264 3238; x_wconf 81' lang='lat' dir='ltr'>Ari-</span> 
     </span>
     <span class='ocr_line' id='line_1_29' title="bbox 144 3254 524 3318; baseline 0 -15"><span class='ocrx_word' id='word_1_242' title='bbox 144 3260 202 3303; x_wconf 78' lang='lat' dir='ltr'>ssot.</span> <span class='ocrx_word' id='word_1_243' title='bbox 215 3254 262 3304; x_wconf 88' lang='lat'>1.1.</span> <span class='ocrx_word' id='word_1_244' title='bbox 275 3258 299 3316; x_wconf 85' lang='lat' dir='ltr'>a,</span> <span class='ocrx_word' id='word_1_245' title='bbox 311 3257 352 3305; x_wconf 85' lang='lat' dir='ltr'>ar.</span> <span class='ocrx_word' id='word_1_246' title='bbox 365 3269 390 3318; x_wconf 85' lang='lat' dir='ltr'>p.</span> <span class='ocrx_word' id='word_1_247' title='bbox 404 3259 471 3304; x_wconf 74' lang='lat' dir='ltr'>sara</span> <span class='ocrx_word' id='word_1_248' title='bbox 484 3260 524 3304; x_wconf 83' lang='lat' dir='ltr'>ao.</span> 
     </span>
    </p>
   </div>
   <div class='ocr_carea' id='block_1_4' title="bbox 143 3337 1300 3808">
    <p class='ocr_par' dir='ltr' id='par_1_8' title="bbox 143 3337 1300 3808">
     <span class='ocr_line' id='line_1_30' title="bbox 179 3337 1264 3405; baseline 0.002 -16"><span class='ocrx_word' id='word_1_249' title='bbox 179 3341 194 3403; x_wconf 62' lang='grc' dir='ltr'><strong>ξ</strong></span> <span class='ocrx_word' id='word_1_250' title='bbox 208 3344 265 3390; x_wconf 90' lang='grc'>166.</span> <span class='ocrx_word' id='word_1_251' title='bbox 282 3337 349 3388; x_wconf 82' lang='lat' dir='ltr'>Acus</span> <span class='ocrx_word' id='word_1_252' title='bbox 360 3337 418 3400; x_wconf 80' lang='lat' dir='ltr'>aive,</span> <span class='ocrx_word' id='word_1_253' title='bbox 430 3339 463 3388; x_wconf 89' lang='lat' dir='ltr'>R.</span> <span class='ocrx_word' id='word_1_254' title='bbox 482 3337 508 3387; x_wconf 83' lang='lat' dir='ltr'><strong><em>A</em></strong></span> <span class='ocrx_word' id='word_1_255' title='bbox 519 3338 581 3388; x_wconf 82' lang='lat' dir='ltr'>coita</span> <span class='ocrx_word' id='word_1_256' title='bbox 593 3356 613 3401; x_wconf 88' lang='lat' dir='ltr'>e,</span> <span class='ocrx_word' id='word_1_257' title='bbox 625 3343 649 3391; x_wconf 88' lang='lat' dir='ltr'>d.</span> <span class='ocrx_word' id='word_1_258' title='bbox 667 3381 699 3390; x_wconf 92' lang='grc'>..</span> <span class='ocrx_word' id='word_1_259' title='bbox 720 3337 814 3402; x_wconf 82' lang='lat' dir='ltr'>bellone,</span> <span class='ocrx_word' id='word_1_260' title='bbox 826 3341 880 3391; x_wconf 76' lang='lat' dir='ltr'>ud.</span> <span class='ocrx_word' id='word_1_261' title='bbox 899 3382 931 3390; x_wconf 90' lang='lat'>..</span> <span class='ocrx_word' id='word_1_262' title='bbox 949 3338 1140 3405; x_wconf 71' lang='lat' dir='ltr'>mapnimdmm,</span> <span class='ocrx_word' id='word_1_263' title='bbox 1153 3340 1264 3393; x_wconf 78' lang='lat' dir='ltr'>Salvian.</span> 
     </span>
     <span class='ocr_line' id='line_1_31' title="bbox 144 3406 1265 3474; baseline 0.003 -19"><span class='ocrx_word' id='word_1_264' title='bbox 144 3407 176 3455; x_wconf 89' lang='lat' dir='ltr'>de</span> <span class='ocrx_word' id='word_1_265' title='bbox 188 3408 291 3470; x_wconf 88' lang='lat' dir='ltr'>aquatil.</span> <span class='ocrx_word' id='word_1_266' title='bbox 303 3406 349 3456; x_wconf 84' lang='lat' dir='ltr'>fol.</span> <span class='ocrx_word' id='word_1_267' title='bbox 364 3412 404 3457; x_wconf 86' lang='grc'>69.</span> <span class='ocrx_word' id='word_1_268' title='bbox 417 3424 449 3468; x_wconf 86' lang='lat' dir='ltr'>a,</span> <span class='ocrx_word' id='word_1_269' title='bbox 460 3409 540 3466; x_wconf 79' lang='lat' dir='ltr'>Pint,</span> <span class='ocrx_word' id='word_1_270' title='bbox 552 3408 631 3458; x_wconf 85' lang='lat' dir='ltr'>Hard.</span> <span class='ocrx_word' id='word_1_271' title='bbox 649 3409 682 3459; x_wconf 87' lang='lat' dir='ltr'>V.</span> <span class='ocrx_word' id='word_1_272' title='bbox 694 3408 802 3460; x_wconf 84' lang='lat' dir='ltr'>Aristot.</span> <span class='ocrx_word' id='word_1_273' title='bbox 814 3409 833 3458; x_wconf 95' lang='grc'>1.</span> <span class='ocrx_word' id='word_1_274' title='bbox 845 3410 862 3459; x_wconf 92' lang='grc'>1.</span> <span class='ocrx_word' id='word_1_275' title='bbox 877 3414 900 3469; x_wconf 88' lang='grc'>6,</span> <span class='ocrx_word' id='word_1_276' title='bbox 914 3416 953 3461; x_wconf 85' lang='grc'>13.</span> <span class='ocrx_word' id='word_1_277' title='bbox 965 3425 990 3474; x_wconf 87' lang='lat' dir='ltr'>p.</span> <span class='ocrx_word' id='word_1_278' title='bbox 1003 3407 1070 3461; x_wconf 69' lang='grc'>5671)</span> <span class='ocrx_word' id='word_1_279' title='bbox 1084 3416 1124 3460; x_wconf 82' lang='lat'>22.</span> <span class='ocrx_word' id='word_1_280' title='bbox 1138 3451 1169 3460; x_wconf 91' lang='lat'>...</span> <span class='ocrx_word' id='word_1_281' title='bbox 1188 3407 1265 3458; x_wconf 76' lang='lat' dir='ltr'>coola·</span> 
     </span>
     <span class='ocr_line' id='line_1_32' title="bbox 143 3473 1265 3540; baseline 0.004 -19"><span class='ocrx_word' id='word_1_282' title='bbox 143 3474 195 3534; x_wconf 79' lang='lat' dir='ltr'>scit,</span> <span class='ocrx_word' id='word_1_283' title='bbox 213 3477 284 3525; x_wconf 86' lang='lat' dir='ltr'>codd.</span> <span class='ocrx_word' id='word_1_284' title='bbox 302 3474 359 3524; x_wconf 87' lang='lat' dir='ltr'>Gel.</span> <span class='ocrx_word' id='word_1_285' title='bbox 384 3473 508 3537; x_wconf 81' lang='lat' dir='ltr'>qualeactt,</span> <span class='ocrx_word' id='word_1_286' title='bbox 523 3476 555 3525; x_wconf 79' lang='lat' dir='ltr'>R.</span> <span class='ocrx_word' id='word_1_287' title='bbox 579 3474 743 3539; x_wconf 68' lang='grc'>6661661111.</span> <span class='ocrx_word' id='word_1_288' title='bbox 768 3475 923 3536; x_wconf 65' lang='lat' dir='ltr'>ethaeam</span> <span class='ocrx_word' id='word_1_289' title='bbox 943 3519 975 3527; x_wconf 84' lang='grc'>-</span> <span class='ocrx_word' id='word_1_290' title='bbox 998 3476 1227 3540; x_wconf 56' lang='lat' dir='ltr'>maritimarum.</span> <span class='ocrx_word' id='word_1_291' title='bbox 1240 3484 1265 3526; x_wconf 86' lang='lat' dir='ltr'>et</span> 
     </span>
     <span class='ocr_line' id='line_1_33' title="bbox 143 3537 1266 3606; baseline 0.003 -17"><span class='ocrx_word' id='word_1_292' title='bbox 143 3541 212 3589; x_wconf 84' lang='lat' dir='ltr'>PInt.</span> <span class='ocrx_word' id='word_1_293' title='bbox 232 3580 263 3589; x_wconf 85' lang='lat'>..</span> <span class='ocrx_word' id='word_1_294' title='bbox 282 3548 367 3601; x_wconf 65' lang='lat' dir='ltr'>terrea</span> <span class='ocrx_word' id='word_1_295' title='bbox 378 3542 432 3591; x_wconf 86' lang='lat' dir='ltr'>Rd.</span> <span class='ocrx_word' id='word_1_296' title='bbox 451 3583 484 3590; x_wconf 86' lang='lat'>..</span> <span class='ocrx_word' id='word_1_297' title='bbox 502 3550 526 3590; x_wconf 88' lang='grc'>61</span> <span class='ocrx_word' id='word_1_298' title='bbox 540 3543 790 3605; x_wconf 67' lang='lat' dir='ltr'>rursus-tricasina,</span> <span class='ocrx_word' id='word_1_299' title='bbox 806 3537 942 3596; x_wconf 73' lang='lat' dir='ltr'>ROTKd.</span> <span class='ocrx_word' id='word_1_300' title='bbox 965 3552 988 3594; x_wconf 89' lang='grc'>61</span> <span class='ocrx_word' id='word_1_301' title='bbox 998 3545 1074 3594; x_wconf 68' lang='lat' dir='ltr'>abiait</span> <span class='ocrx_word' id='word_1_302' title='bbox 1087 3553 1168 3606; x_wconf 84' lang='lat' dir='ltr'>tarra,·</span> <span class='ocrx_word' id='word_1_303' title='bbox 1183 3558 1266 3592; x_wconf 77' lang='lat' dir='ltr'>rursus</span> 
     </span>
     <span class='ocr_line' id='line_1_34' title="bbox 146 3602 1300 3675; baseline 0.004 -21"><span class='ocrx_word' id='word_1_304' title='bbox 146 3602 440 3667; x_wconf 62' lang='grc' dir='ltr'>1616661166,Ρὶ11619.-</span> <span class='ocrx_word' id='word_1_305' title='bbox 462 3608 1014 3675; x_wconf 57' lang='grc' dir='ltr'>0166666161ἧὶ6,8111616111666116111161.</span> <span class='ocrx_word' id='word_1_306' title='bbox 1028 3613 1122 3662; x_wconf 81' lang='lat' dir='ltr'>229.b.</span> <span class='ocrx_word' id='word_1_307' title='bbox 1147 3612 1265 3661; x_wconf 87' lang='lat' dir='ltr'>Ceterum</span> <span class='ocrx_word' id='word_1_308' title='bbox 1297 3626 1300 3633; x_wconf 95' lang='lat'><em>·</em></span> 
     </span>
     <span class='ocr_line' id='line_1_35' title="bbox 144 3673 1265 3742; baseline 0.002 -19"><span class='ocrx_word' id='word_1_309' title='bbox 144 3690 168 3724; x_wconf 83' lang='lat' dir='ltr'>v.</span> <span class='ocrx_word' id='word_1_310' title='bbox 184 3674 317 3724; x_wconf 76' lang='lat' dir='ltr'>Aristotel.</span> <span class='ocrx_word' id='word_1_311' title='bbox 334 3682 446 3734; x_wconf 85' lang='lat' dir='ltr'>generat.</span> <span class='ocrx_word' id='word_1_312' title='bbox 463 3675 540 3724; x_wconf 87' lang='lat' dir='ltr'>anim.</span> <span class='ocrx_word' id='word_1_313' title='bbox 558 3681 581 3737; x_wconf 80' lang='lat'>³,</span> <span class='ocrx_word' id='word_1_314' title='bbox 599 3683 623 3726; x_wconf 87' lang='grc'>6.</span> <span class='ocrx_word' id='word_1_315' title='bbox 642 3717 674 3726; x_wconf 89' lang='grc'>..</span> <span class='ocrx_word' id='word_1_316' title='bbox 692 3677 806 3739; x_wconf 82' lang='lat' dir='ltr'>channae,</span> <span class='ocrx_word' id='word_1_317' title='bbox 821 3680 855 3729; x_wconf 83' lang='lat' dir='ltr'>R.</span> <span class='ocrx_word' id='word_1_318' title='bbox 877 3677 982 3740; x_wconf 83' lang='lat' dir='ltr'>chamae,</span> <span class='ocrx_word' id='word_1_319' title='bbox 999 3681 1022 3729; x_wconf 88' lang='lat' dir='ltr'>d.</span> <span class='ocrx_word' id='word_1_320' title='bbox 1051 3677 1149 3740; x_wconf 76' lang='lat' dir='ltr'>charrae,</span> <span class='ocrx_word' id='word_1_321' title='bbox 1163 3673 1213 3742; x_wconf 77' lang='grc' dir='ltr'>βγ.</span> <span class='ocrx_word' id='word_1_322' title='bbox 1233 3717 1265 3726; x_wconf 92' lang='grc'>..</span> 
     </span>
     <span class='ocr_line' id='line_1_36' title="bbox 144 3739 845 3808; baseline 0.003 -17"><span class='ocrx_word' id='word_1_323' title='bbox 144 3742 219 3792; x_wconf 75' lang='lat' dir='ltr'>Fetus</span> <span class='ocrx_word' id='word_1_324' title='bbox 230 3741 330 3791; x_wconf 81' lang='lat' dir='ltr'>omnium</span> <span class='ocrx_word' id='word_1_325' title='bbox 342 3746 434 3803; x_wconf 77' lang='lat' dir='ltr'>aquea,</span> <span class='ocrx_word' id='word_1_326' title='bbox 446 3741 500 3790; x_wconf 85' lang='lat' dir='ltr'>Rd.</span> <span class='ocrx_word' id='word_1_327' title='bbox 517 3739 627 3803; x_wconf 82' lang='lat' dir='ltr'>Aquatil.</span> <span class='ocrx_word' id='word_1_328' title='bbox 640 3760 700 3794; x_wconf 85' lang='lat' dir='ltr'>omn.</span> <span class='ocrx_word' id='word_1_329' title='bbox 705 3744 783 3806; x_wconf 81' lang='lat' dir='ltr'>fetae,</span> <span class='ocrx_word' id='word_1_330' title='bbox 794 3741 845 3808; x_wconf 77' lang='grc' dir='ltr'>βγ.</span> 
     </span>
    </p>
   </div>
   <div class='ocr_carea' id='block_1_5' title="bbox 145 3820 1264 3957">
    <p class='ocr_par' dir='ltr' id='par_1_9' title="bbox 145 3820 1264 3957">
     <span class='ocr_line' id='line_1_37' title="bbox 179 3820 1264 3944; baseline 0.003 -67"><span class='ocrx_word' id='word_1_331' title='bbox 179 3820 460 3944; x_wconf 51' lang='lat' dir='ltr'>§hlnqhssqamerandum</span> <span class='ocrx_word' id='word_1_332' title='bbox 476 3825 531 3875; x_wconf 89' lang='lat' dir='ltr'>Rd.</span> <span class='ocrx_word' id='word_1_333' title='bbox 550 3865 581 3874; x_wconf 85' lang='lat'><em>-</em></span> <span class='ocrx_word' id='word_1_334' title='bbox 600 3825 624 3874; x_wconf 81' lang='lat' dir='ltr'>in</span> <span class='ocrx_word' id='word_1_335' title='bbox 639 3824 757 3889; x_wconf 67' lang='grc'>06666116,</span> <span class='ocrx_word' id='word_1_336' title='bbox 769 3831 800 3879; x_wconf 88' lang='lat' dir='ltr'>R.</span> <span class='ocrx_word' id='word_1_337' title='bbox 827 3825 946 3889; x_wconf 73' lang='lat' dir='ltr'>caesara,</span> <span class='ocrx_word' id='word_1_338' title='bbox 959 3830 982 3877; x_wconf 88' lang='lat' dir='ltr'>d.</span> <span class='ocrx_word' id='word_1_339' title='bbox 1002 3868 1033 3877; x_wconf 85' lang='lat'><em>-</em></span> <span class='ocrx_word' id='word_1_340' title='bbox 1054 3827 1186 3892; x_wconf 81' lang='lat' dir='ltr'>coniectum,</span> <span class='ocrx_word' id='word_1_341' title='bbox 1199 3829 1264 3880; x_wconf 73' lang='lat' dir='ltr'>R2d.</span> 
     </span>
     <span class='ocr_line' id='line_1_38' title="bbox 145 3909 309 3957; baseline 0.006 -14"><span class='ocrx_word' id='word_1_342' title='bbox 145 3909 196 3943; x_wconf 84' lang='grc'>6666</span> <span class='ocrx_word' id='word_1_343' title='bbox 245 3931 252 3957; x_wconf 91' lang='grc'>,</span> <span class='ocrx_word' id='word_1_344' title='bbox 303 3931 309 3944; x_wconf 99' lang='grc'>.</span> 
     </span>
    </p>
   </div>
   <div class='ocr_carea' id='block_1_6' title="bbox 148 3967 1264 4114">
    <p class='ocr_par' dir='ltr' id='par_1_10' title="bbox 148 3967 1264 4114">
     <span class='ocr_line' id='line_1_39' title="bbox 180 3967 1264 4045; baseline 0.006 -16"><span class='ocrx_word' id='word_1_345' title='bbox 180 3982 195 4042; x_wconf 83' lang='lat'>§</span> <span class='ocrx_word' id='word_1_346' title='bbox 209 3986 264 4030; x_wconf 84' lang='lat'>168.</span> <span class='ocrx_word' id='word_1_347' title='bbox 283 3977 406 4045; x_wconf 77' lang='lat' dir='ltr'>Serqinue,</span> <span class='ocrx_word' id='word_1_348' title='bbox 420 3980 444 4028; x_wconf 88' lang='lat' dir='ltr'>d.</span> <span class='ocrx_word' id='word_1_349' title='bbox 467 3967 609 4044; x_wconf 61' lang='lat' dir='ltr'>Serpifsnue,</span> <span class='ocrx_word' id='word_1_350' title='bbox 624 3980 657 4029; x_wconf 88' lang='lat' dir='ltr'>R.</span> <span class='ocrx_word' id='word_1_351' title='bbox 679 3980 820 4044; x_wconf 82' lang='lat' dir='ltr'>Descripsit</span> <span class='ocrx_word' id='word_1_352' title='bbox 835 3980 899 4029; x_wconf 88' lang='lat' dir='ltr'>haec</span> <span class='ocrx_word' id='word_1_353' title='bbox 914 3981 981 4031; x_wconf 80' lang='lat' dir='ltr'>Ptin.</span> <span class='ocrx_word' id='word_1_354' title='bbox 995 3996 1027 4032; x_wconf 88' lang='lat' dir='ltr'>ex</span> <span class='ocrx_word' id='word_1_355' title='bbox 1040 3982 1175 4033; x_wconf 86' lang='lat' dir='ltr'>Columell.</span> <span class='ocrx_word' id='word_1_356' title='bbox 1188 3983 1264 4038; x_wconf 85' lang='lat' dir='ltr'><strong>VIII.</strong></span> 
     </span>
     <span class='ocr_line' id='line_1_40' title="bbox 148 4042 1264 4114; baseline 0.005 -19"><span class='ocrx_word' id='word_1_357' title='bbox 148 4050 188 4107; x_wconf 87' lang='grc'>16,</span> <span class='ocrx_word' id='word_1_358' title='bbox 206 4052 237 4107; x_wconf 85' lang='grc'>5.,</span> <span class='ocrx_word' id='word_1_359' title='bbox 253 4062 286 4097; x_wconf 85' lang='lat' dir='ltr'>ex</span> <span class='ocrx_word' id='word_1_360' title='bbox 301 4048 387 4097; x_wconf 89' lang='lat' dir='ltr'>Plinio</span> <span class='ocrx_word' id='word_1_361' title='bbox 404 4048 517 4097; x_wconf 87' lang='lat' dir='ltr'>Macrob.</span> <span class='ocrx_word' id='word_1_362' title='bbox 535 4046 636 4098; x_wconf 86' lang='lat' dir='ltr'>Saturn.</span> <span class='ocrx_word' id='word_1_363' title='bbox 654 4053 678 4109; x_wconf 82' lang='lat'>2,</span> <span class='ocrx_word' id='word_1_364' title='bbox 697 4054 736 4098; x_wconf 87' lang='grc'>11.</span> <span class='ocrx_word' id='word_1_365' title='bbox 754 4089 786 4097; x_wconf 90' lang='grc'>..</span> <span class='ocrx_word' id='word_1_366' title='bbox 806 4046 927 4110; x_wconf 77' lang='lat' dir='ltr'>inuenerit,</span> <span class='ocrx_word' id='word_1_367' title='bbox 943 4042 1050 4101; x_wconf 74' lang='lat' dir='ltr'>ROTd.</span> <span class='ocrx_word' id='word_1_368' title='bbox 1074 4051 1168 4114; x_wconf 80' lang='lat' dir='ltr'>invenit,</span> <span class='ocrx_word' id='word_1_369' title='bbox 1184 4047 1213 4114; x_wconf 77' lang='grc' dir='ltr'>β.</span> <span class='ocrx_word' id='word_1_370' title='bbox 1232 4097 1264 4106; x_wconf 82' lang='grc'>.,</span> 
     </span>
    </p>
   </div>
   <div class='ocr_carea' id='block_1_7' title="bbox 146 4109 1265 4245">
    <p class='ocr_par' dir='ltr' id='par_1_11' title="bbox 146 4109 1265 4245">
     <span class='ocr_line' id='line_1_41' title="bbox 146 4109 1265 4184; baseline 0.013 -24"><span class='ocrx_word' id='word_1_371' title='bbox 146 4113 333 4176; x_wconf 75' lang='lat' dir='ltr'>maapoaicataa,</span> <span class='ocrx_word' id='word_1_372' title='bbox 350 4117 382 4165; x_wconf 88' lang='lat' dir='ltr'>R.</span> <span class='ocrx_word' id='word_1_373' title='bbox 404 4113 592 4179; x_wconf 68' lang='lat' dir='ltr'>rnaaponizataa</span> <span class='ocrx_word' id='word_1_374' title='bbox 608 4111 680 4180; x_wconf 75' lang='grc' dir='ltr'>ἁβγ.</span> <span class='ocrx_word' id='word_1_375' title='bbox 699 4156 730 4165; x_wconf 82' lang='lat'><em>-</em></span> <span class='ocrx_word' id='word_1_376' title='bbox 755 4113 818 4178; x_wconf 79' lang='lat' dir='ltr'>illas,</span> <span class='ocrx_word' id='word_1_377' title='bbox 838 4109 866 4165; x_wconf 83' lang='grc' dir='ltr'>θ.</span> <span class='ocrx_word' id='word_1_378' title='bbox 886 4158 916 4166; x_wconf 90' lang='grc'>..</span> <span class='ocrx_word' id='word_1_379' title='bbox 935 4115 996 4166; x_wconf 79' lang='lat' dir='ltr'>alibi</span> <span class='ocrx_word' id='word_1_380' title='bbox 1010 4125 1082 4184; x_wconf 81' lang='lat' dir='ltr'>atque</span> <span class='ocrx_word' id='word_1_381' title='bbox 1098 4119 1163 4184; x_wconf 71' lang='lat' dir='ltr'>alebi,</span> <span class='ocrx_word' id='word_1_382' title='bbox 1180 4123 1204 4172; x_wconf 86' lang='lat' dir='ltr'>d.</span> <span class='ocrx_word' id='word_1_383' title='bbox 1230 4125 1265 4174; x_wconf 90' lang='lat' dir='ltr'>V.</span> 
     </span>
     <span class='ocr_line' id='line_1_42' title="bbox 146 4180 457 4245; baseline 0.016 -16"><span class='ocrx_word' id='word_1_384' title='bbox 146 4180 230 4230; x_wconf 89' lang='lat' dir='ltr'>Hand.</span> <span class='ocrx_word' id='word_1_385' title='bbox 242 4182 350 4232; x_wconf 86' lang='lat' dir='ltr'>Tursell.</span> <span class='ocrx_word' id='word_1_386' title='bbox 365 4189 387 4245; x_wconf 94' lang='lat'>1,</span> <span class='ocrx_word' id='word_1_387' title='bbox 400 4187 457 4234; x_wconf 80' lang='lat' dir='ltr'>ata.</span> 
     </span>
    </p>
   </div>
   <div class='ocr_carea' id='block_1_8' title="bbox 181 4259 884 4338">
    <p class='ocr_par' dir='ltr' id='par_1_12' title="bbox 181 4259 884 4338">
     <span class='ocr_line' id='line_1_43' title="bbox 181 4259 884 4338; baseline 0.013 -27"><span class='ocrx_word' id='word_1_388' title='bbox 181 4266 195 4328; x_wconf 86' lang='lat'>§</span> <span class='ocrx_word' id='word_1_389' title='bbox 209 4266 266 4315; x_wconf 83' lang='grc'>169.</span> <span class='ocrx_word' id='word_1_390' title='bbox 283 4280 388 4330; x_wconf 80' lang='lat' dir='ltr'>mareau,</span> <span class='ocrx_word' id='word_1_391' title='bbox 400 4260 508 4319; x_wconf 73' lang='lat' dir='ltr'>Bora.</span> <span class='ocrx_word' id='word_1_392' title='bbox 531 4283 648 4332; x_wconf 84' lang='lat' dir='ltr'>murenae,</span> <span class='ocrx_word' id='word_1_393' title='bbox 659 4263 688 4330; x_wconf 79' lang='grc' dir='ltr'>β.</span> <span class='ocrx_word' id='word_1_394' title='bbox 707 4310 738 4319; x_wconf 86' lang='grc'>..</span> <span class='ocrx_word' id='word_1_395' title='bbox 762 4259 847 4338; x_wconf 65' lang='lat' dir='ltr'>oralsss,</span> <span class='ocrx_word' id='word_1_396' title='bbox 860 4271 884 4320; x_wconf 88' lang='lat' dir='ltr'>d.</span> 
     </span>
    </p>
   </div>
   <div class='ocr_carea' id='block_1_9' title="bbox 0 0 1459 4800">
    <p class='ocr_par' dir='ltr' id='par_1_13' title="bbox 0 0 1459 4800">
     <span class='ocr_line' id='line_1_44' title="bbox 0 0 1459 4800; baseline 0 0"><span class='ocrx_word' id='word_1_397' title='bbox 0 0 1459 4800; x_wconf 95' lang='lat' dir='ltr'> </span> 
     </span>
    </p>
   </div>
  </div>
 </body>
</html>
