2896 4800
350 281 420 328 ms.
434 281 483 327 rm
512 278 591 329 can.
606 274 732 327 xxxix.
747 278 806 324 xc.
836 276 934 326 scor.
949 279 1040 322 ss-a.
1194 258 1258 327 313
1386 316 1394 335 .,

138 431 243 511 simul,
264 432 383 519 partim
404 440 517 517 postea
538 429 726 518 gignuntur.
748 429 796 494 Hi
817 429 965 495 castratis
986 450 1052 494 non
1072 440 1257 509 nascuntur,

136 533 298 620 congeniti
319 543 429 599 autem
441 554 506 597 non
520 530 683 608 desinunt,
705 530 790 598 sicut
803 552 863 596 nec
876 530 1003 596 feminis
1016 552 1135 616 magno
1147 554 1257 618 opere,

134 634 283 701 inventae
306 645 414 699 tamen
434 633 593 718 quaedam
613 631 753 698 defluvio
778 631 893 719 capitis
913 630 1075 697 invalidae
1096 630 1185 696 velut
1204 633 1254 698 ls-

135 735 287 821 nuginosi
307 735 383 812 oris,
405 754 479 800 cum
500 733 656 799 menstrui
678 755 791 799 cursus
813 743 948 813 stetere3
971 729 1166 816 quibusdam
1180 743 1256 818 post

135 836 237 923 geniti
258 836 335 901 viris
357 844 471 921 sponte
492 856 557 899 non
578 835 766 922 gignuntur.
790 831 1056 920 Quadripedibus
1076 833 1179 918 pilum
1200 855 1255 899 ca-

136 935 214 1000 dere
234 945 330 1019 atque
353 933 503 1000 subnasci
531 956 673 999 annuum
693 945 762 1014 est;
791 934 869 999 viris
891 943 1040 1000 crescunt
1058 956 1208 999 maxume
1222 934 1258 998 in

136 1036 261 1123 capillo,
289 1058 364 1102 mox
392 1036 427 1100 in
453 1034 572 1115 barba3
608 1036 702 1102 recisi
730 1058 801 1111 uon¹
822 1046 860 1102 ut
879 1034 999 1102 herbae
1025 1057 1065 1102 ac
1087 1046 1194 1102 cetera
1215 1032 1257 1100 ab

134 1137 276 1202 incisura
293 1146 454 1226 augentur
475 1137 533 1203 sed
555 1135 598 1202 ab
618 1137 727 1204 radice
743 1147 871 1204 exeunt.
895 1136 1055 1203 Crescunt
1076 1146 1110 1202 et
1128 1135 1164 1200 in
1184 1135 1257 1220 qui·
1270 1153 1317 1200 aar

134 1235 273 1304 busdam
299 1237 437 1318 morbis,
470 1260 619 1305 maxume
646 1238 767 1326 phthisi
795 1248 828 1304 ct
857 1238 892 1304 in
919 1247 1063 1316 senecta,
1096 1235 1257 1303 defunctis

136 1361 264 1424 quoque
285 1338 482 1426 corporibus.
517 1338 719 1405 Libidinosis
741 1338 902 1428 congeniti
923 1337 1080 1404 maturius
1102 1336 1257 1414 defluunt,

135 1438 267 1528 adgnati
282 1439 429 1526 celerius
456 1451 613 1508 crescunt.
650 1438 914 1528 Quadripedibus
930 1449 1109 1505 senectute
1131 1459 1257 1504 crasse-

136 1552 230 1604 seunt
251 1540 407 1626 lanaeque
422 1552 597 1607 rarescunt.
622 1539 869 1628 Quadripedum
883 1541 980 1606 dorsa
993 1540 1107 1627 pilosa,
1128 1550 1257 1605 ventres

134 1640 249 1727 glabri.
269 1640 375 1709 Boum
396 1642 489 1709 coriis
510 1642 671 1729 glutinum
696 1643 885 1729 excoquitur
912 1651 1139 1725 taurorumque
1160 1663 1256 1727 prec-

137 1740 278 1828 cipuum.

178 1843 229 1909 95.
251 1843 412 1912 Mammas
432 1846 527 1912 homo
549 1845 637 1913 solus
660 1870 678 1913 c
699 1844 841 1911 maribus
858 1844 967 1924 habet,
989 1854 1095 1910 cetera
1108 1843 1257 1908 animalia
1269 1859 1320 1908 ase

134 1967 349 2010 mammarum·
356 1957 450 2013 notas
465 1957 589 2013 tantum
595 1973 607 2026 ;
631 1948 688 2014 sed
708 1971 750 2013 ne
767 1947 905 2013 feminae
919 1946 1051 2031 quidem
1070 1945 1105 2010 in
1126 1955 1257 2030 pectore

134 2045 196 2111 nisi
224 2066 307 2131 quae
334 2058 469 2134 possunt
494 2060 608 2133 partus
641 2070 716 2114 suos
749 2047 910 2123 attollere3
954 2069 1016 2113 ova
1052 2044 1256 2133 gignentium

134 2149 232 2228 nulli,
264 2173 325 2217 nec
349 2153 401 2217 lao
426 2151 489 2215 nisi
515 2151 635 2216 animal
662 2150 817 2235 parienti,
844 2150 1011 2216 volucrum
1038 2148 1257 2234 vespertilioni

135 2260 268 2314 tantum.
304 2250 504 2316 Fabulosum
531 2251 616 2318 enim
644 2250 783 2317 arbitror
814 2251 855 2316 de
885 2249 1039 2339 strigibus
1071 2247 1173 2314 ubera
1201 2270 1256 2314 ess

134 2349 303 2415 infantium
322 2349 422 2417 labris
443 2351 638 2440 inmulgere;
665 2374 736 2418 esse
762 2352 797 2417 in
818 2351 997 2441 maledictis
1022 2351 1086 2416 iam
1114 2349 1256 2434 antiquis

135 2449 268 2537 strigem
290 2452 449 2531 convenit,
479 2453 537 2518 sed
558 2474 641 2538 quac
662 2455 705 2519 sit
725 2453 834 2519 avium
855 2463 1000 2520 constare
1021 2475 1086 2519 non
1107 2450 1254 2518 arbitror.

134 2548 214 2617 XL.
241 2549 355 2618 Asinio
375 2575 395 2617 a
415 2554 483 2620 fetu
504 2554 613 2622 dolent
619 2579 629 2632 ;
656 2555 731 2622 ideo
753 2566 845 2622 sexto
866 2577 976 2622 mense
997 2565 1110 2621 arcent
1129 2562 1253 2640 partus,
1267 2567 1318 2614 2³³

168 2759 253 2821 §aad
277 2759 328 2810 fflc
343 2759 429 2811 corais
445 2772 638 2828 macerantur,
653 2765 690 2826 R,
706 2767 774 2816 unde
790 2765 887 2816 restitui
899 2766 970 2829 quod
981 2765 1034 2815 ism
1044 2763 1145 2827 legitur.
1163 2760 1254 2813 Omitt.

135 2820 205 2891 ᾶβγ.
223 2827 274 2876 Illo
286 2829 463 2893 supplemento
476 2840 589 2896 apparet,
601 2847 678 2895 quam
688 2848 747 2882 rere
762 2833 804 2882 hic
817 2833 943 2883 nonnulla
955 2833 1033 2896 vulgo
1047 2831 1171 2882 excidisse
1185 2829 1254 2879 uide·

133 2892 184 2942 rint
194 2893 261 2944 Pint
274 2903 300 2945 et
310 2896 398 2958 Hard,
410 2913 519 2961 quorum
534 2900 579 2949 illa
594 2907 654 2962 post
664 2915 688 2948 v.
702 2896 811 2948 deinum
827 2902 930 2963 supplet
946 2898 1100 2963 Spodomdas
1111 2895 1193 2961 pacis
1208 2912 1256 2944 aon

133 2957 223 3008 cadant
235 2958 293 3024 pili,
309 2962 352 3011 hic
387 2972 429 3014 ost
443 2967 552 3015 eandem
566 2980 654 3015 vocem
668 2966 775 3016 inseruit
790 2965 907 3015 eunuchis.
933 2967 966 3017 V.
982 2966 1089 3017 Aristot.
1104 2966 1123 3014 l.
1140 2966 1199 3025 13,
1214 2968 1254 3013 11.

152 3033 289 3078 ..518101
307 3070 338 3079 -
375 3033 527 3092 55051,Ρὶ55.
546 3072 578 3080 -
596 3047 681 3095 magno
693 3032 811 3095 rporali.
829 3047 981 3095 magnopere,
994 3028 1065 3096 ᾶβγ.
1087 3071 1119 3081 -
1143 3028 1255 3090 velat,R

133 3041 220 3154 {codd
232 3094 347 3145 Barbari.
378 3102 405 3145 at
416 3104 446 3159 et,
457 3093 528 3163 ᾱβγ.
545 3099 631 3148 Utitur
642 3099 688 3146 ssla
699 3099 823 3162 particula
838 3100 906 3149 Plin.
918 3113 994 3161 saepe
1004 3099 1031 3147 in
1042 3098 1125 3148 verbis
1136 3096 1253 3159 tropicis;

132 3174 157 3208 v.
169 3160 220 3210 ind.
243 3202 275 3211 ..
299 3159 447 3226 immineri,
461 3164 498 3213 ita
513 3179 561 3214 nos
577 3165 721 3229 scripsimus
732 3180 793 3215 voce
803 3167 848 3215 nni
859 3165 946 3215 Plinio
957 3164 1067 3229 propria.
1090 3161 1209 3227 baccini,
1221 3162 1253 3213 B.

133 3224 256 3291 harpiae,
271 3223 350 3280 O'l'd.
377 3228 506 3295 lanugines,
518 3232 543 3283 K
559 3228 645 3294 (codd.
662 3231 769 3282 Barbari
784 3239 811 3282 et
827 3229 940 3294 Gelenii)
955 3226 1007 3297 βγ.
1034 3272 1066 3281 -
1093 3230 1153 3292 orsi,
1170 3229 1253 3280 omitt.

133 3297 207 3346 codd.
218 3296 332 3347 Barbari.
351 3338 383 3348 -
400 3314 482 3348 carras
493 3301 515 3364 ἁ·
526 3314 571 3362 crs,
583 3300 615 3349 R.
633 3339 665 3350 ..
687 3298 774 3364 qesta,
789 3300 892 3351 Barbar.
913 3299 1013 3364 penitis,
1027 3299 1080 3349 Rd.
1102 3338 1135 3348 ..
1157 3293 1254 3360 capillo,

137 3354 248 3414 Osrcr
269 3363 372 3429 (optimi
390 3368 462 3417 codd.
485 3383 525 3432 sp.
543 3367 658 3420 Oudend.
674 3370 707 3417 ad
723 3367 793 3419 Suet.
808 3367 868 3418 Ner.
887 3363 923 3429 1.)
953 3366 1042 3430 capite,
1061 3368 1086 3417 R
1105 3363 1163 3427 (alii
1178 3365 1253 3415 codd.
1353 3376 1358 3390 ·

134 3427 263 3493 Oudend.)
275 3428 303 3493 β.
323 3473 354 3482 ..
372 3431 465 3496 bobas,
477 3436 576 3486 RTdr.
594 3427 709 3497 iahad
736 3471 742 3486 .
763 3474 792 3484 -
810 3433 990 3497 decederet,
1002 3431 1091 3497 R(ubi
1103 3449 1132 3482 oc
1143 3428 1252 3497 scripsi.)

132 3503 176 3543 cot
187 3505 271 3560 crura,
284 3499 337 3549 Τὰ.
356 3501 387 3549 ab
398 3509 500 3563 cosdro,
515 3495 560 3554 Or.
582 3503 613 3553 ab
625 3503 686 3567 pso,
722 3516 748 3568 γ.
766 3543 798 3554 ..
815 3518 840 3565 o,
852 3503 895 3552 (1..
913 3506 916 3511 ’

167 3594 253 3655 §nau
272 3596 374 3661 pistor,
388 3600 439 3650 vio.
455 3601 588 3652 Aristotel
605 3603 622 3652 1.
639 3603 657 3652 1.
670 3609 694 3660 s,
708 3608 747 3653 11.
760 3618 785 3666 p.
799 3599 865 3653 ereb
879 3609 919 3652 21.
938 3601 1003 3664 aaa,
1015 3595 1142 3652 soror.
1160 3641 1192 3650 -
1211 3598 1251 3649 de.

125 3663 227 3728 sanctis,
239 3665 271 3715 R.
289 3661 430 3726 defunctam,
443 3668 466 3715 d.
489 3665 657 3729 defunctorum,
669 3664 720 3731 βγ.
739 3707 770 3716 -
789 3667 888 3730 corais]
901 3671 925 3719 d.
944 3708 976 3718 ..
994 3675 1105 3730 crcswni,
1122 3668 1251 3719 11511155-

133 3731 182 3781 cite
194 3745 227 3780 ex
237 3731 344 3781 Aristot.
361 3730 583 3795 1.1.p.51sbns.
599 3730 719 3799 γίνονται
735 3731 844 3783 θᾶττον.
862 3741 1005 3796 recrescunt,
1022 3730 1079 3795 Rd.
1109 3733 1251 3795 decrerunt,

136 3792 247 3849 BTKd.
272 3805 418 3861 armacani,
432 3798 523 3849 Dalec.
545 3839 577 3849 ...
600 3801 794 3862 gwerrandi.
816 3809 950 3864 rarescant,
966 3803 997 3852 R.
1024 3808 1170 3850 emmeant
1184 3816 1250 3851 rore-

132 3872 243 3930 scenam
260 3862 344 3926 hare,
361 3881 381 3916 r.
407 3871 522 3915 senectute
537 3873 643 3914 meunt
659 3863 742 3927 hace,
758 3882 901 3930 quemquam
920 3875 1056 3930 rarescunt,
1076 3869 1143 3919 Pint.
1169 3867 1208 3920 At
1226 3876 1249 3919 i.

132 3931 270 3984 Aristotl.
282 3932 299 3984 1.
312 3940 337 3995 3,
351 3939 390 3984 11.
398 3933 428 3998 p.
441 3929 510 3984 518¹)
522 3939 562 3985 50.
581 3972 613 3983 ..
631 3940 710 3982 venter
719 3931 810 3998 ylober,
821 3950 841 3985 r.
860 3975 892 3986 ..
916 3943 940 3984 et
949 3934 1146 4001 idpraecipcana
1157 3937 1191 3988 K

135 4101 140 4111 μ
166 4035 251 4095 §232
268 4032 406 4112 selegit.
425 4033 795 4098 commendatoriis,
809 4041 868 4154 hp.
882 4041 1001 4089 500013.
1020 4076 1051 4088 ..
1075 4034 1179 4100 lualid
1194 4034 1250 4101 (hic

133 4114 161 4148 m
171 4098 278 4162 rasura.)
296 4099 372 4162 lactc,
384 4103 496 4167 quinque
506 4102 595 4154 Leidd.
607 4117 648 4166 ap.
660 4102 778 4155 Oudend.
791 4103 825 4153 ad
861 4104 932 4168 ppul.
945 4113 1005 4157 mat.
1016 4121 1042 4170 p.
1055 4111 1111 4158 559.
1131 4147 1161 4158 ..
1179 4105 1249 4172 pori-

135 4165 219 4214 entium
232 4165 342 4231 choum,
354 4170 385 4221 R.
404 4210 434 4220 ..
455 4167 595 4235 oespwtilr'o,
606 4169 690 4221 RTd.
710 4211 740 4222 ..
759 4168 896 4233 iaorbiiror,
907 4171 940 4223 R.
