2896 4800
191 261 251 329 128
539 271 743 329 utrumme
764 279 960 330 mesonma

189 430 321 510 habent,
349 430 382 496 in
404 428 487 496 Asia
512 453 590 497 vero
618 432 731 497 eodem
752 455 873 521 genere
893 431 1087 501 Laodiceae.
1123 434 1213 502 Alba
1236 436 1312 504 Cir·

192 532 398 618 cumpadanis
419 532 508 597 nulla
528 532 713 617 praefertur
733 557 794 600 nec
821 534 903 601 libra
925 544 1078 602 centenos
1096 559 1248 605 nummos
1269 541 1312 607 ad

189 632 250 698 hoc
276 631 348 696 aevi
375 633 513 698 excessit
538 633 613 699 ulla.
651 631 742 701 Oves
769 657 834 701 non
858 635 980 720 ubique
1007 637 1189 718 tondentur,
1216 641 1313 707 durat

189 731 381 818 quibusdam
407 733 442 798 in
468 733 547 799 loeis
575 734 716 800 vellendi
743 757 824 800 mos.
869 734 1023 803 Colonum
1054 738 1149 822 plura
1178 763 1311 828 genera,
1325 759 1370 804 ror

188 835 310 920 quippe
339 856 413 900 oum
440 833 546 900 desint
571 835 669 900 etiam
694 835 824 901 nomina
851 835 916 915 eis3
945 859 1025 921 quas
1051 839 1177 905 nativas
1198 845 1311 930 appel-

187 937 265 1015 lant,
287 936 411 1020 aliquot
430 936 534 1001 modis
553 935 724 1022 Hispania,
746 936 833 1023 nigri
853 937 981 1004 velleris
1002 941 1193 1026 praecipuas
1213 943 1311 1012 habet

187 1038 349 1105 Pollentia
372 1037 464 1102 iuxta
484 1035 591 1123 Alpis,
619 1035 684 1103 iam
704 1035 788 1102 Asia
814 1038 904 1104 rutili
926 1060 1009 1122 quas
1028 1038 1229 1126 Erythraeas
1250 1067 1309 1110 vo-

187 1150 272 1218 cant,
294 1139 373 1204 item
393 1137 537 1216 Baetica,
563 1135 742 1203 Canusium
762 1138 855 1218 fulvi,
882 1139 1060 1208 Tarentum
1082 1152 1115 1208 et
1135 1166 1214 1210 suae
1234 1148 1308 1231 pul-
1330 1204 1335 1217 s

147 1272 149 1280 s
186 1241 306 1329 liginis.
341 1237 471 1304 Sucidis
493 1238 641 1305 omnibus
662 1239 821 1305 medicata
840 1239 900 1306 vis.
931 1240 1048 1308 Istriae
1067 1242 1308 1331 Liburniaeque

185 1343 254 1431 pilo
274 1339 405 1435 propior
426 1335 524 1424 quam
545 1341 648 1419 lanae,
669 1338 764 1426 pexis
785 1340 891 1406 aliena
909 1342 1065 1423 vestibus,
1088 1355 1120 1410 et
1134 1368 1230 1430 quam
1245 1347 1307 1415 Sa-

187 1443 270 1510 lacia
292 1438 451 1508 scutulato
474 1450 565 1506 textu
587 1441 778 1507 conmendat
797 1442 833 1506 in
853 1440 1035 1509 Lusitania.
1074 1443 1196 1512 Similis
1225 1449 1309 1516 circa

186 1543 340 1611 Piscenas
366 1541 549 1628 provinciae
571 1540 802 1622 Narbonensis,
831 1543 943 1610 similis
964 1555 998 1610 et
1018 1545 1053 1611 in
1072 1544 1238 1635 Aegypto,
1266 1574 1308 1616 ex

187 1668 254 1731 qua
281 1643 382 1709 vestis
409 1642 527 1708 detrita
554 1665 616 1709 usu
643 1643 790 1730 pingitur
810 1667 985 1730 mrsusque
1006 1669 1085 1713 aevo
1106 1648 1209 1713 durat.
1245 1649 1308 1716 Est
1323 1665 1371 1712 lar

188 1759 222 1815 et
232 1747 344 1813 *hirtae
365 1745 431 1831 pilo
454 1767 561 1811 crasso
575 1744 611 1809 in
625 1744 741 1831 tapetis
757 1746 981 1831 antiquissima
996 1747 1103 1835 grstia
1108 1774 1118 1827 3
1140 1749 1204 1814 iam
1219 1761 1306 1817 certe

186 1849 311 1937 priscos
332 1848 372 1913 iis
393 1869 469 1912 usos
489 1846 654 1912 Homerus
676 1857 787 1913 auctor
810 1857 868 1913 est.
896 1846 1004 1916 Aliter
1024 1849 1104 1916 haec
1126 1846 1213 1916 Galli
1233 1851 1307 1937 pin-

187 1961 287 2042 gunt,
315 1950 406 2016 aliter
432 1948 627 2014 Parthorum
655 1960 782 2037 gentes.
818 1940 931 2017 Lanae
958 1961 992 2016 et
1016 1974 1076 2038 per
1103 1974 1138 2019 se
1165 1964 1308 2019 coactam

186 2063 311 2122 vestem
338 2052 463 2118 faciunt
491 2062 525 2118 et
552 2052 580 2118 si
607 2050 745 2116 addatur
765 2061 894 2117 acetum
915 2051 1013 2118 etiam
1033 2054 1120 2120 ferro
1141 2055 1306 2135 resistunt,

187 2158 285 2225 immo
306 2177 384 2221 vero
406 2153 505 2221 etiam
525 2153 658 2240 ignibus
679 2152 854 2219 novissimo
870 2153 920 2218 sui
934 2166 1149 2242 purgamento
1155 2181 1164 2236 3
1187 2157 1307 2243 quippe

190 2259 279 2325 aenis
308 2256 498 2342 polientium
526 2265 669 2321 extracta
694 2254 729 2319 in
758 2255 891 2321 tomenti
912 2277 1007 2322 usum
1027 2257 1162 2322 veniunt
1185 2257 1307 2324 Gallia-

188 2383 272 2436 rum,
298 2368 337 2422 ut
363 2357 510 2434 arbitror,
537 2355 689 2431 invent03
725 2365 812 2422 certe
841 2354 978 2423 Gallicis
1005 2357 1101 2426 hodie
1126 2359 1308 2426 nominibus

189 2457 381 2525 discernitur
402 2478 463 2523 neo
483 2455 576 2523 facile
597 2455 735 2522 dixerim
755 2477 820 2541 qua
841 2457 877 2524 id
898 2469 1002 2525 aetate
1025 2460 1177 2546 coeperit.
1211 2461 1370 2526 Anti-1⁹³

222 2697 338 2761 Laodice,
349 2700 381 2750 R.
398 2697 527 2762 Laodicia,
539 2701 563 2750 d.
581 2741 613 2750 ..
633 2698 768 2763 tunduntur,
782 2703 806 2751 d.

223 2785 308 2847 5191.
327 2782 459 2847 desith.
477 2825 509 2834 ..
527 2781 658 2844 nominales,
670 2783 702 2834 R.
724 2785 893 2848 nominatim.
918 2825 950 2836 ...
972 2785 1246 2848 qumnativosfflalec.
1259 2784 1307 2838 Ce-

188 2859 271 2902 terum
281 2852 345 2900 haec
356 2853 433 2902 verba
443 2867 525 2915 usque
536 2853 570 2902 ad
581 2849 656 2900 modis
667 2854 700 2901 ad
712 2853 796 2916 priora
806 2854 884 2904 reiert
894 2848 916 2914 β
927 2868 994 2918 pone
1006 2854 1032 2904 h.
1049 2869 1073 2903 v.
1090 2854 1166 2919 plone
1181 2856 1307 2915 incidens;

189 2919 279 2969 deinde
297 2933 330 2968 ex
344 2920 428 2969 verbis
444 2917 673 2983 Hispania-tacet
688 2921 841 2984 singularem
856 2923 990 2986 periodum
1008 2920 1080 2982 facit,
1091 2923 1150 2973 inde
1161 2939 1178 2973 a
1188 2920 1308 2971 Pollentia

187 3001 256 3104 novfir
266 2987 370 3104 ρῧὶἱῗᾶὲ
382 2988 490 3105 ἰῖοορω.
499 2988 585 3102 &aaut
593 2988 688 3104 nfialiam
699 2989 927 3108 interpmfflngm
939 2990 1217 3108 {maggavitlgsrdg}
1229 2989 1308 3107 coid-
1414 3015 1420 3023 ·

186 3069 267 3105 mea
333 3091 339 3104 .
407 3091 473 3105 .-
650 3072 790 3105 ...mm
912 3072 966 3107 ar.
1035 3073 1061 3105 aa
1124 3059 1307 3117 ‚aua‚².

186 3121 250 3185 aas,
261 3121 332 3180 aa,
344 3091 458 3184 nicona
472 3120 542 3184 oar.)
553 3091 707 3185 abacta,
720 3126 794 3175 coac.
806 3094 886 3177 uari.
904 3165 937 3174 ..
956 3094 1086 3186 uasat,
1097 3125 1151 3175 aa
1175 3125 1210 3175 ς
1221 3123 1308 3186 faras,

187 3190 241 3241 Rd.
261 3231 293 3239 -
320 3188 480 3254 Suadam.
507 3188 683 3252 stridulam.
707 3232 739 3241 ..
765 3190 884 3242 medicato
894 3184 1078 3253 mudum.
1104 3192 1308 3251 semmedicatus,

188 3259 262 3305 codd
275 3257 332 3307 Gel.
343 3252 373 3318 β.
391 3299 423 3306 ..
442 3255 497 3319 lino,
509 3273 529 3307 r.
553 3299 585 3307 -
604 3257 724 3322 prsbalt
747 3299 779 3308 -
803 3258 906 3310 Salacia
915 3255 1040 3319 scutulato,
1052 3258 1241 3308 Hardeoodd.
1260 3258 1308 3309 Sa-

188 3321 244 3371 laco
254 3321 349 3384 statuto,
361 3324 392 3373 R.
410 3323 466 3372 salu
476 3323 612 3387 cartulatos,
624 3328 649 3376 d.
670 3325 724 3375 sola
738 3343 781 3375 urs
794 3325 923 3385 scutulato,
933 3320 963 3385 β.
985 3332 1025 3372 ..“
1040 3323 1179 3384 commende,
1191 3325 1223 3374 R.
1245 3340 1307 3372 com-

187 3387 262 3449 mode,
275 3392 299 3439 d.
316 3429 349 3438 -
366 3389 528 3451 Lusitaniam,
540 3392 564 3441 d.
582 3433 614 3442 ...
629 3393 746 3457 piscinas,
758 3396 782 3443 d.
797 3391 904 3456 piscinis,
916 3393 948 3442 R.
971 3429 1003 3438 ..
1025 3389 1058 3452 s'n,
1071 3403 1122 3439 om.
1135 3391 1161 3439 d.
1178 3431 1210 3439 ..
1232 3397 1262 3452 et,
1274 3392 1307 3440 R.

188 3497 221 3506 ..
236 3456 351 3520 pinpitur,
362 3452 417 3508 Re
422 3459 464 3508 dr.
482 3458 589 3523 crupitur,
601 3461 634 3511 K.
654 3460 758 3525 tingitur,
769 3454 798 3520 β.
818 3458 910 3523 tegitur,
921 3458 1010 3508 Dalcc.

221 3551 307 3613 §192
325 3548 426 3613 pm'scos,
439 3551 587 3602 omitum.
609 3594 641 3603 -
664 3551 746 3614 aad
769 3591 800 3600 ..
818 3565 870 3612 usu,
881 3551 934 3600 Rd.
958 3591 990 3599 -
1012 3548 1138 3612 Homerus,
1151 3550 1200 3602 od.
1213 3548 1237 3613 d,
1250 3555 1308 3603 427.

188 3657 221 3666 -
239 3615 338 3682 tinquat,
350 3618 415 3668 Td².
434 3660 466 3668 -
485 3626 599 3680 coactam,
610 3622 693 3671 RTd.
712 3624 814 3679 coactae,
826 3613 884 3679 Κβ.
901 3618 1035 3676 vona.
1048 3622 1115 3671 obss.
1129 3626 1152 3680 5,
1166 3626 1189 3670 5.
1203 3660 1235 3670 ..
1253 3620 1309 3680 aab,

187 3686 243 3736 Rd.
266 3727 298 3735 -
317 3683 477 3749 pollieutz'um,
492 3689 524 3738 R
542 3686 694 3752 pollentium,
711 3688 735 3735 d.
757 3685 915 3748 coquentium,
931 3688 1005 3737 codd.
1017 3690 1114 3740 Ferrar.
1127 3691 1158 3739 de
1169 3704 1196 3738 rc
1206 3689 1308 3737 vestiar.

190 3759 213 3802 1.
224 3769 249 3816 p.
263 3757 303 3804 57.
321 3752 455 3816 alendam,
471 3755 505 3804 K.
529 3793 562 3804 ...
585 3760 705 3814 extracta,
721 3754 780 3803 Rd¹
798 3752 886 3815 (codd.
904 3753 973 3819 Gel.)
996 3764 1109 3816 extracto,
1120 3758 1158 3805 d'2.
1180 3760 1308 3806 audactae.

187 3820 242 3883 Kr.
265 3821 304 3870 At
318 3836 370 3870 non
387 3836 421 3870 ex
436 3822 514 3883 lanis,
532 3822 579 3872 sed
593 3836 627 3870 ex
642 3821 816 3885 purgamentis
831 3829 945 3874 tomenta
955 3825 1038 3885 >fiunt3
1049 3827 1081 3872 de
1092 3822 1199 3871 nansitu
1210 3820 1307 3868 numeri

189 3887 323 3947 singularis
335 3889 362 3936 in
373 3889 499 3953 pluralem
510 3904 534 3937 v.
546 3889 579 3938 ad
592 3894 633 3948 32,
645 3895 686 3941 24.
704 3888 823 3940 Ceterum
835 3893 963 3954 permulta
974 3891 1000 3938 in
1012 3897 1067 3939 toto
1079 3888 1197 3936 hocloco
1208 3893 1308 3935 mutant

188 3952 306 4013 Barbam,
323 3954 430 4005 Salmas.
450 3970 533 4006 exerc.
550 3971 575 4019 p.
593 3958 650 4006 278.
667 3973 691 4006 a.
703 3958 840 4007 Α...282.
851 3959 877 4007 b.
888 3960 931 4018 D,
943 3947 1055 4006 Gronov.
1068 3960 1094 4003 et
1103 3953 1193 4002 Heius.
1205 3953 1232 4001 iu
1243 3953 1308 4002 Bur-

189 4019 276 4068 'manui
288 4021 386 4084 sylloge
398 4028 422 4083 ³,
436 4027 492 4074 127.
507 4028 572 4080 132,
583 4023 694 4073 Withof.
706 4031 828 4087 praemet.
840 4038 865 4087 p.
878 4030 935 4073 208.
954 4061 986 4070 ..
1004 4020 1029 4068 ia
1042 4018 1142 4080 tomenti,
1153 4021 1178 4070 R
1186 4012 1263 4071 OTd.
1282 4020 1307 4069 in

189 4086 304 4148 menti,
315 4083 344 4148 β.
362 4086 510 4150 indumenta,
521 4105 535 4138 r
545 4087 614 4150 (cod.
625 4090 697 4140 Leid.
710 4106 751 4154 ap.
762 4087 866 4153 Heius.)
878 4127 910 4138 .-
922 4091 1044 4149 occaecat,
1056 4103 1075 4136 r.
1088 4127 1120 4135 -
1139 4085 1262 4151 inuentam,
1274 4090 1307 4139 K.

223 4175 309 4238 §lta
327 4177 519 4242 de‚Ambr.IL
541 4220 573 4245 -r
601 4181 796 4242 emanatas.
820 4178 868 4228 ium
884 4193 957 4240 nunc,
974 4178 1035 4229 ΒΤ.
1066 4179 1225 4244 nuncetiam,
1242 4183 1306 4232 Am·

189 4246 256 4299 bros.
265 4246 287 4299 1.
296 4246 331 4300 11.
342 4288 373 4298 ..
386 4245 512 4313 Gmsapa,
520 4247 599 4298 Hard.
611 4249 780 4311 causo,R'ld.
791 4240 932 4311 pauscpqss
940 4247 973 4297 sd
982 4248 1110 4311 superiora
1118 4247 1235 4302 referens.
1247 4266 1307 4314 paa-
