2896 4800
357 255 427 303 aru.
442 255 505 303 vn.
535 254 613 302 cur.
628 254 810 301 xvr-xnr.
839 250 936 301 sucu.
954 253 1042 298 rs..rs.
1220 235 1260 299 25

139 406 278 473 rationes
309 408 522 494 procurantis.
555 401 779 491 Ἔκτραπέλοος
811 399 930 470 Graeci
961 413 1077 484 vccant
1109 424 1181 483 eos,
1226 403 1261 469 in

139 506 237 572 Latio
258 529 323 574 non
343 507 466 574 habent
486 527 614 573 nomen.

166 607 298 675 XVII.
333 607 432 690 Quod
459 609 502 674 sit
529 606 649 674 homini
670 606 809 693 spatium
831 627 853 670 a
871 603 1012 690 vestigio
1033 605 1076 670 ad
1095 605 1259 688 verticem,
1274 617 1305 668 tt

84 726 89 733 ·
138 709 171 774 id
195 731 268 775 esse
288 710 397 796 pansis
418 708 566 774 manibus
586 708 670 773 inter
689 706 893 796 longissimos
915 704 1036 793 digitos
1057 704 1261 771 observatum
1304 760 1331 803 Ι

140 819 199 888 est,
232 811 328 876 sicuti
360 809 437 876 viris
470 809 584 874 dextra
615 818 708 895 parte
735 808 889 886 maiores,
921 805 1115 892 quibusdam
1140 826 1260 890 aequas

137 919 286 994 utraque,
313 910 428 996 aliquis
453 908 546 976 laeva
566 930 665 973 manu
685 907 888 993 praecipuas,
915 929 976 973 nec
997 906 1033 972 id
1053 926 1206 989 umquam
1225 905 1261 970 in

123 1009 264 1076 'feminis
271 1035 280 1088 3
293 1012 345 1078 18.
356 1012 454 1077 maris
464 1019 629 1097 praestare
640 1008 783 1096 pondere
793 1011 827 1074 et
834 1006 988 1074 defuncta
997 1005 1182 1093 yiventibus
1189 1026 1259 1071 cor-

137 1131 219 1196 pora
237 1111 381 1177 omnium
410 1110 595 1176 animalium
615 1119 649 1176 et
668 1108 860 1175 dormientia
876 1107 1095 1196 vigilantibus,
1117 1107 1261 1172 virorum

139 1211 298 1277 cadavera
320 1211 437 1298 supina
456 1210 594 1289 fluitare,
617 1209 810 1276 feminarum
827 1230 939 1296 prona,
961 1208 1050 1278 velut
1063 1207 1180 1296 pudori
1201 1207 1260 1273 de-

138 1311 322 1377 functarum
341 1321 492 1398 parcente
512 1321 638 1377 natura.

181 1410 313 1479 XVIII.
355 1410 524 1480 Concretis
545 1412 703 1498 quosdam
727 1410 856 1479 ossibus
880 1433 918 1478 ae
945 1411 1014 1479 sine
1038 1410 1188 1478 medullis
1209 1409 1259 1476 vi·
1274 1421 1306 1471 ts

139 1534 214 1578 vere
235 1513 419 1599 accepimus
426 1539 436 1592 ς
466 1513 594 1602 signum
623 1535 733 1581 eorum
761 1535 833 1599 esse
859 1535 921 1581 nec
942 1513 1028 1580 sitim
1052 1511 1173 1580 sentire
1199 1532 1260 1577 nec

138 1609 289 1678 sudorem
310 1614 466 1694 emittere,
496 1636 691 1702 quamquam
720 1625 753 1681 et
772 1614 939 1682 voluntate
960 1615 1079 1680 scimus
1101 1612 1188 1679 sitim
1208 1611 1260 1678 ri-

138 1724 224 1780 ctam
245 1715 450 1800 equitemque
471 1713 653 1782 Romanum
666 1714 787 1782 Iulium
800 1715 968 1784 Victorem
989 1739 1008 1784 e
1027 1715 1261 1785 Vocontiorum

137 1818 235 1900 gente
266 1815 432 1900 foederata
457 1816 493 1881 in
518 1817 732 1903 pupillaribus
758 1817 862 1896 aunis,
895 1837 980 1902 aqua
1013 1826 1126 1902 supter
1154 1825 1261 1881 cutem

56 1988 63 2003 .
138 1913 214 1980 fusa
238 1916 366 1997 morbo,
400 1917 598 2005 prohibitum
618 1939 731 1984 umore
756 1941 777 1984 a
796 1917 947 1999 medicis,
975 1927 1125 1984 naturam
1146 1915 1260 1982 fecisse

138 2018 403 2085 consuetudinem
433 2029 531 2106 atque
552 2019 587 2085 in
608 2030 738 2087 senecta
759 2020 900 2088 caruisse
920 2013 1011 2107 potu.
1048 2017 1119 2085 Nec
1138 2025 1259 2085 nonet

138 2116 193 2181 alii
213 2119 315 2184 multa
336 2119 398 2186 sibi
418 2119 617 2207 inperavere.

179 2215 283 2282 XIX.
321 2217 449 2284 Ferunt
481 2217 637 2285 Crassum
667 2239 762 2284 avom
794 2215 905 2283 Crassi
936 2216 971 2281 in
997 2214 1128 2282 Parthis
1159 2214 1259 2278 inter-
1274 2226 1306 2276 te

138 2316 240 2401 empti
269 2336 447 2399 numquam
477 2317 600 2397 risisse,
632 2317 674 2384 cb
705 2319 741 2383 id
766 2316 959 2406 Agelastum
984 2325 1145 2396 vocatum,
1177 2313 1262 2380 sicut

96 2459 99 2463 «
137 2437 199 2483 nec
218 2414 314 2493 flesse
335 2417 468 2498 multos3
491 2415 658 2485 Socratem
680 2417 802 2485 clarum
824 2418 983 2505 'sapientis
1003 2418 1117 2486 ecdem
1131 2436 1260 2503 semper

137 2517 242 2585 visum
262 2518 364 2597 voltu,
385 2540 447 2586 nec
467 2528 523 2585 aut
537 2519 638 2587 hilaro
651 2520 756 2610 magis
770 2529 828 2587 aut
841 2520 978 2586 turbato.
999 2518 1081 2584 Exit
1094 2517 1147 2584 hic
1161 2516 1260 2583 animi

137 2628 228 2685 tenor
253 2619 425 2705 aliquando
450 2618 486 2685 in
511 2620 651 2710 rigorem
671 2621 833 2706 quendam
855 2621 1103 2705 torvitatemque
1123 2629 1259 2685 naturae
1311 2674 1315 2683 ,

138 2719 252 2787 duram
278 2730 312 2788 et
337 2720 545 2790 inflexibilem
572 2721 781 2810 adfectusque
806 2721 965 2788 humanos
992 2721 1120 2799 adimit,
1154 2721 1259 2806 qualis

138 2973 187 3020 nos,
198 2954 228 3022 β.
246 2999 279 3013 ..
296 2957 447 3024 Ectrcpelcs,
457 2961 562 3014 Barbcr.
586 2959 710 3027 ectcpelcs,
721 2963 753 3014 Β.
777 2968 800 3010 et
812 2960 910 3026 tapelcs,
922 2963 947 3014 d.
970 2959 1082 3027 eucpelcs
1092 2962 1134 3012 rel
1145 2935 1268 3024 lazapo-⁸

137 3022 262 3154 ἑοὲἷῖἓοο
276 3025 384 3078 Barbari
402 3028 568 3079 coniecturae.
587 3068 620 3078 ..
640 3027 724 3092 Latio,
739 3021 820 3079 ROd.
836 3027 935 3092 Latino,
951 3023 982 3091 β.
1000 3068 1033 3111 ‚⁸
1054 3043 1137 3077 nomen
1152 3042 1198 3076 aon
1214 3024 1259 3076 lc-

171 3187 493 3257 §77.lomini‚1t9Tdr.
519 3191 644 3258 lominum,
659 3189 689 3258 β.
714 3195 859 3259 Exscripsit
874 3194 955 3246 Solin.
973 3200 996 3256 1,
1014 3199 1054 3246 93.
1072 3233 1105 3244 ..
1119 3191 1213 3258 pansis,
1225 3195 1258 3246 R.

133 3258 224 3325 parcis,
236 3262 274 3314 d1.
290 3261 390 3328 sparsas,
402 3264 477 3315 Td²r
488 3259 582 3328 (Βοὴ.)
595 3264 685 3328 passis,
699 3265 772 3314 codd.
787 3264 843 3315 Gel.
854 3260 905 3328 βγ.
918 3302 951 3312 -
969 3260 1039 3325 circs,
1051 3263 1076 3314 R
1088 3259 1173 3325 (codd.
1186 3258 1257 3326 Gel.)

136 3334 245 3392 ereptores,
258 3331 282 3381 d.
300 3331 363 3380 vires
374 3329 520 3395 quidusdam,
532 3334 597 3384 Βοὴ.
615 3372 649 3382 ..
666 3329 759 3392 dextra,
770 3333 825 3384 Bd.
847 3329 953 3394 dosera,
965 3332 1039 3382 codd.
1052 3331 1117 3394 Gal,
1128 3331 1193 3381 Βοὴ.
1204 3325 1227 3391 β
1231 3341 1258 3393 γ.

137 3434 170 3444 -
188 3396 308 3461 aequaba,
319 3399 385 3450 Βοὴ.
403 3439 436 3449 ..
454 3399 532 3463 aliqu'
543 3437 549 3462 ,
560 3400 628 3451 Rue
645 3398 747 3464 aliquos,
760 3402 797 3451 (1¹.
815 3397 942 3464 aliquibus,
954 3400 1021 3450 Rob.
1031 3394 1083 3465 βγ.
1095 3438 1128 3449 ..
1147 3411 1258 3460 umquam

137 3460 170 3523 vi,
181 3461 277 3514 Sabell
294 3504 328 3514 ..
344 3464 409 3515 velut
415 3465 511 3531 pudori,
524 3468 657 3532 exscripsit
669 3467 750 3520 Sclin
766 3474 789 3529 l,
801 3473 841 3519 95.
1187 3483 1192 3491 ·

172 3561 188 3623 ξ
205 3564 246 3612 78.
267 3560 379 3624 medulla,
394 3567 418 3614 d.
442 3566 585 3631 Exscripsit
602 3568 683 3619 Solin.
702 3575 725 3630 1,
743 3570 783 3619 74.
800 3609 833 3620 ..
856 3567 991 3632 accepimus,
1008 3565 1041 3616 R.
1060 3602 1093 3630 τ
1115 3563 1208 3621 scimus,
1225 3561 1258 3610 tt.

137 3624 249 3688 “lammis
260 3628 308 3678 Τᾶ
318 3625 411 3692 (Μὴ)
423 3668 455 3678 -
500 3632 622 3697 vitemque,
633 3622 699 3686 Ilob.
721 3635 868 3698 equitemqui,
880 3637 912 3685 R.
935 3651 947 3682 e
964 3631 1089 3694 uiternquir
1101 3630 1195 3678 omisso
1207 3627 1259 3677 Ro-

137 3708 242 3758 manum,
253 3695 278 3746 d.
291 3734 323 3745 ..
337 3693 504 3759 pastinandas,
515 3698 548 3747 R.
561 3739 593 3748 -
611 3717 684 3764 aqua,
695 3702 750 3753 Rd,
768 3716 853 3762 aquae,
864 3702 931 3749 Βοὴ,
943 3651 994 3763 ἓν,
1008 3736 1041 3745 ,,,
1050 3695 1122 3758 susa,
1133 3695 1179 3743 R²‚
1188 3693 1258 3756 sure,

137 3762 184 3813 R1.
197 3762 311 3825 suturae,
322 3765 346 3813 d.
360 3761 449 3827 fidere,
461 3763 527 3813 Rob.
537 3764 622 3826 susce,
632 3763 683 3833 βγ.
701 3807 734 3817 ..
757 3765 883 3825 humorem,
896 3769 919 3816 d.
944 3805 976 3813 ..
998 3769 1118 3823 naturam,
1129 3762 1155 3812 R
1166 3757 1258 3826 (Βοὴ.)

137 3837 246 3893 naturae,
258 3831 311 3882 Td.
324 3870 357 3881 ..
374 3828 570 3893 consuetudinem,
580 3831 665 3883 Rus.
683 3830 855 3893 consuetudine,
866 3832 932 3882 Βοὴ.
943 3827 996 3895 βγ.
1008 3870 1041 3880 ..
1056 3836 1181 3893 senectam,
1189 3830 1257 3882 Pint.

137 3911 158 3948 r.
176 3937 208 3948 ..
222 3905 302 3962 pctus,
315 3899 339 3950 d.

172 4001 187 4063 ξ
201 4002 241 4052 79.
258 3999 411 4061 interemtum,
423 4000 448 4050 d.
468 3970 613 4075 Illrscripsit
624 3997 705 4051 Solin.
720 4003 742 4059 1,
756 4000 796 4050 72.
817 4039 848 4049 ..
867 4015 984 4060 coeamus,
996 4000 1028 4052 Τ.
1047 4040 1079 4051 ..
1101 3999 1177 4063 sicuti,
1189 4001 1257 4053 Βοὴ.

19 4120 37 4139 ⁶
139 4105 176 4142 ..ι
194 4074 243 4128 cut,
259 4068 341 4119 omitt.
355 4082 370 4117 r
385 4063 479 4129 (Ros.)
499 4106 528 4116 ..
548 4064 634 4129 hilaro,
650 4058 749 4118 Rern
766 4063 858 4131 (Βοὴ.)
880 4066 960 4131 lilasi,
971 4062 1001 4131 β.
1022 4108 1055 4118 ..
1078 4068 1168 4128 animo,
1181 4068 1205 4117 d.
1223 4107 1256 4118 ..
1268 4104 1283 4122 ι.

140 4130 707 4269 οὴᾳὲἕςσᾝὲἐοῧήὲῗέἕὲῗέὶῃζᾱὴοὴ.)
728 4141 847 4199 naturam,
863 4137 895 4190 R.
918 4143 1015 4201 nutura,
1026 4131 1056 4199 β.
1075 4175 1106 4188 ...
1125 4132 1213 4197 diram,
1224 4135 1256 4186 '1⁸.
