2896 4800
199 291 240 356 31
552 302 756 354 1111111111
778 301 975 353 merorum

242 453 394 523 XXVII.
422 453 474 520 28.
509 450 636 521 Ceteris
672 455 828 522 virtutum
853 452 1029 543 generibus
1055 454 1145 522 varie
1171 465 1204 521 et
1230 457 1325 525 multi
1340 479 1389 524 roo

201 559 293 624 fuere
319 562 527 642 praestantes.
550 550 634 620 Cato
661 554 785 641 primus
804 551 940 622 Porciae
966 555 1073 641 gentis
1102 555 1160 622 tris
1182 579 1324 627 summas

200 659 234 725 in
255 657 384 723 homine
404 677 457 720 res
471 654 670 740 praestitisse
681 656 904 734 existumatur,
926 665 964 737 ut
982 667 1070 723 esset
1083 667 1236 745 optumus
1249 681 1323 726 ora·

201 769 261 835 tor,
288 766 438 842 optumus
465 756 639 841 inperator,
666 766 820 844 optumus
842 766 979 836 senator,
1009 779 1092 842 quae
1116 759 1195 825 mihi
1216 763 1324 828 omnia

202 858 328 925 etiamsi
354 879 420 922 non
441 857 545 944 prius,
567 868 710 924 attamen
730 857 847 923 clarius
869 857 1000 924 fulsisse
1021 859 1056 923 in
1079 857 1232 948 Scipione
1252 861 1323 930 Ae-

198 958 329 1026 miliano
361 959 527 1037 videntur,
561 958 691 1046 dempto
717 968 885 1046 praeterea
909 959 1131 1045 plurumorum
1158 963 1232 1028 odio
1257 985 1323 1048 quo

200 1058 284 1128 Cato
312 1059 483 1126 laboravit.
504 1058 621 1145 Itaque
642 1060 685 1126 sit
705 1058 872 1148 proprium
895 1057 1030 1125 Catonis
1050 1072 1166 1145 quater
1187 1073 1220 1130 et
1240 1086 1321 1149 qua·

199 1160 351 1248 dragiens
374 1182 506 1227 causam
527 1161 650 1228 dixisse
676 1183 736 1227 nec
757 1182 953 1245 quemquam
974 1163 1104 1250 saepius
1125 1165 1322 1250 postulatum

197 1274 231 1329 et
253 1284 382 1347 semper
403 1262 596 1327 absolutum.

240 1361 414 1428 XXVIH.
436 1361 488 1426 29.
523 1359 697 1428 Fortitudo
728 1361 763 1428 in
793 1382 858 1449 quo
884 1385 1036 1431 maxume
1061 1366 1238 1448 exstiterit,
1270 1369 1321 1434 in-
1335 1384 1384 1431 ror

198 1487 328 1532 mensae
355 1462 552 1548 quaestionis
574 1473 643 1543 est,
672 1463 784 1549 utique
806 1465 834 1531 si
854 1465 982 1552 poetica
1001 1467 1175 1553 recipiatur
1195 1470 1321 1537 fabulo·

199 1567 289 1632 sitas.
323 1562 367 1646 Q.
393 1563 521 1629 Ennius
554 1563 593 1631 Τ.
625 1561 803 1632 Caecilium
830 1564 989 1633 Dentrem
1024 1567 1219 1652 fratremque
1251 1571 1323 1637 eius

198 1665 373 1754 praecipue
394 1664 529 1730 miratus
550 1675 682 1752 propter
703 1688 759 1733 eos
781 1677 909 1734 sextum
930 1667 1101 1735 decumum
1123 1669 1242 1735 adiecit
1261 1692 1320 1735 an-

198 1767 315 1835 nalem.
343 1766 386 1832 1..
409 1763 535 1832 Siccius
556 1765 736 1848 Dentatus,
771 1768 827 1853 qui
860 1766 1008 1835 tribunus
1038 1768 1145 1856 plebei
1177 1770 1240 1836 fuit
1261 1767 1320 1857 Sp.

168 1887 171 1893 ’
199 1869 341 1955 Tarpeio
368 1867 411 1933 A.
433 1866 547 1933 Aterio
575 1869 760 1936 consulibus
781 1868 869 1935 haud
894 1869 996 1935 multo
1016 1881 1093 1957 post
1115 1882 1247 1939 exactos
1267 1895 1320 1939 re-

199 1993 268 2058 ges,
289 1970 343 2036 vel
361 1969 621 2035 numerosissima
634 1970 792 2057 suffragia
810 1969 911 2036 habet
924 1971 1068 2036 centiens
1081 1971 1203 2038 viciens
1223 1995 1320 2059 proe-

198 2072 305 2151 liatus,
335 2071 458 2137 octiens
480 2092 522 2136 ex
542 2073 770 2159 provocatione
791 2071 909 2151 victor,
943 2072 1159 2158 quadraginta
1178 2073 1321 2162 quinque

199 2171 403 2239 cicatricibus
431 2171 568 2238 adverso
596 2193 729 2261 corpore
750 2171 903 2260 insignis,
930 2171 1019 2237 nulla
1038 2172 1073 2238 in
1094 2181 1197 2261 tergo.
1229 2173 1320 2240 Idem
1335 2189 1384 2235 ros

200 2275 301 2362 spolia
323 2272 410 2360 cepit
430 2295 550 2354 xxxrv,
578 2275 715 2342 donatus
740 2273 842 2341 hastis
863 2273 955 2361 puris
977 2272 1209 2364 duodeviginti,
1239 2275 1320 2361 pha·

197 2376 273 2441 leris
294 2397 377 2452 xxv,
401 2375 567 2459 torquibus
589 2397 626 2440 nr
648 2386 682 2442 et
701 2399 809 2456 nxxx,
831 2375 962 2444 armillis
984 2398 1059 2457 osx,
1082 2377 1208 2444 coronis
1224 2400 1320 2458 xxrr,

199 2474 310 2541 ciricis
345 2495 421 2554 xiv,
466 2477 569 2543 aureis
591 2501 668 2558 vm,
704 2477 881 2544 muralibus
916 2501 972 2558 111,
1015 2478 1207 2545 obsidionali
1244 2501 1319 2556 nna,

199 2574 278 2640 fisco
300 2574 394 2655 aeris,
416 2596 440 2640 x
462 2577 599 2664 captivis
620 2589 653 2646 et
672 2600 722 2643 xx
742 2579 837 2645 simul
849 2577 968 2656 bubus,
989 2577 1190 2665 inperatores
1203 2599 1320 2645 novem

185 2839 195 2851 .
233 2779 319 2843 §lou
337 2781 486 2835 cabtimntur
496 2791 523 2836 ut
533 2793 599 2849 esset,
615 2779 644 2837 θ.
666 2784 841 2835 munaum
853 2791 918 2846 ercet,
930 2782 1016 2837 Ii'l'd.
1039 2782 1187 2834 murimonte
1198 2793 1240 2848 ert,
1252 2784 1318 2836 Rob.

199 2844 228 2911 β.
257 2850 404 2902 exntimntue
419 2861 446 2903 ut
459 2861 527 2914 esset,
542 2868 567 2920 γ.
594 2854 713 2905 Ceterum
728 2852 861 2916 exscripsit
876 2851 958 2902 Solin.
976 2858 999 2917 1,
1018 2856 1075 2904 113.
1098 2892 1130 2903 -
1153 2861 1211 2903 octa
1232 2862 1318 2916 tamen,

199 2919 253 2969 Td.
270 2957 304 2968 ..
313 2919 402 2984 fuisse,
413 2922 446 2972 K.
464 2963 497 2972 ..
516 2920 671 2971 laboravit..
677 2927 761 2983 quater
772 2925 802 2979 et,
815 2919 870 2968 din
880 2935 976 2970 rasura.
1260 2982 1262 2986 y

234 2988 249 3050 ξ
263 2991 319 3038 101.
336 2987 449 3053 murima,
460 2992 494 3041 K.
509 3030 543 3040 ..
557 2987 653 3052 poetica
664 2985 802 3051 recipiatur,
813 2986 845 3037 R.
860 2994 984 3052 poetesrum
996 2986 1133 3053 recipiatur,
1145 2990 1199 3040 Τὰ.
1216 2987 1318 3053 recipio-

200 3060 239 3102 tur
250 3052 353 3118 poetr'ea,
367 3051 417 3121 βγ.
435 3097 468 3108 ...
495 3055 534 3119 Q,
549 3057 582 3108 R.
604 3070 660 3118 qua,
682 3048 711 3104 θ.
733 3055 876 3118 quam,Td.
895 3096 928 3106 .-
950 3055 1072 3116 Dentrem,
1088 3057 1167 3107 Hard.
1194 3057 1318 3116 Teucrum,

199 3117 278 3184 Rdss.
295 3123 355 3173 Vid.
368 3123 472 3175 Gesner.
484 3125 619 3174 chrestom.
631 3138 656 3188 p.
670 3128 727 3174 155.
745 3162 778 3173 ..
795 3130 886 3172 sextum
898 3121 1018 3186 decimum,
1029 3118 1163 3181 ROTdr,
1179 3132 1276 3186 sermm,
1288 3119 1317 3184 β.

199 3230 232 3240 ..
250 3187 349 3251 Siccius,
360 3190 407 3241 Rd
419 3190 506 3254 (codd.
519 3187 589 3253 Gel.)
607 3189 694 3253 Sr'ciua,
705 3192 764 3242 libri
772 3192 889 3242 meliores
898 3206 939 3255 ap.
949 3192 1056 3242 Salmas.
1066 3206 1148 3240 exero.
1157 3208 1183 3255 p.
1193 3198 1233 3242 34.
1246 3193 1271 3240 b.
1283 3193 1318 3242 D.

200 3256 312 3318 Sicinius,
324 3257 378 3308 Sol.
392 3265 415 3317 1,
429 3265 486 3309 102.
502 3258 646 3322 Exscripsit
656 3259 723 3309 Plin.
735 3260 868 3308 Valerium
879 3261 951 3308 Max.
963 3257 1012 3306 111
1026 3263 1049 3318 2,
1063 3264 1104 3306 24.
1122 3259 1182 3307 Vid.
1194 3258 1317 3307 Niebuhr.

200 3325 260 3374 hist.
275 3327 349 3375 Rom.
368 3333 391 3388 2,
408 3332 466 3377 390.
484 3364 517 3375 -
531 3323 617 3388 plebei,
633 3326 687 3376 Rd.
709 3323 796 3388 plebis,
810 3319 862 3388 βγ.
881 3363 913 3372 ..
931 3322 964 3372 A.
982 3323 1074 3384 Aterio,
1090 3324 1170 3373 Hard.
1197 3323 1229 3371 11
1238 3326 1318 3383 no,R.
1384 3374 1387 3381 ,

200 3389 301 3454 Aterno,
311 3395 384 3444 codd.
395 3393 503 3444 Salmas.
515 3390 622 3453 Aternio,
636 3386 716 3442 θΤᾶ.
733 3389 767 3439 A.
778 3389 899 3452 Aeternio,
910 3385 940 3452 β,
953 3392 1023 3455 quod
1030 3390 1140 3454 praefert
1148 3391 1223 3453 Pigh.
1233 3391 1318 3441 annal.

203 3463 225 3520 1,
243 3465 300 3509 134.
318 3461 378 3511 Vid.
395 3461 476 3523 intpp.
493 3457 597 3509 anniv.
613 3463 638 3519 3,
653 3462 695 3508 31.
713 3495 746 3506 -
763 3455 802 3504 uel
817 3454 842 3507 in
857 3471 884 3506 eo
900 3473 972 3520 num,
983 3457 1016 3507 K.
1034 3497 1066 3507 ..
1084 3456 1227 3521 victricibus,
1243 3459 1267 3508 d.
1285 3499 1318 3509 -

200 3541 283 3576 uverm
303 3529 327 3578 d.
412 3544 415 3549 ·
1305 3550 1306 3557 ¹

235 3565 317 3654 5162.
335 3584 719 3656 1111111111.-
731 3589 988 3655 Xxmansrr.
1006 3589 1186 3657 1111111.
1198 3636 1231 3645 ..
1240 3594 1318 3658 pens,

201 3657 345 3722 011119...
371 3657 424 3720 ΠΙ,
440 3675 491 3710 om.
508 3661 533 3710 d.
557 3698 590 3709 ...
616 3657 698 3719 armis,
715 3659 747 3710 R.
769 3699 802 3710 ...
825 3660 917 3710 coronis
932 3661 1073 3726 XXXVI,
1093 3656 1121 3713 θ.
1140 3705 1172 3714 -
1191 3662 1216 3711 in
1231 3661 1318 3724 civicis,

200 3729 245 3779 Rd
255 3727 342 3791 (codd.
352 3727 461 3780 Salmas.
473 3732 673 3793 exercuisti.
684 3725 727 3791 C.)
738 3727 818 3789 Haec,
830 3731 851 3780 si
864 3730 912 3780 diis
923 3731 1016 3796 placet,
1027 3732 1181 3797 praepositio
1190 3730 1256 3778 nihil
1265 3743 1319 3776 esse

199 3797 305 3858 videtur,
322 3797 370 3847 nisi
385 3811 506 3847 numerus
517 3798 640 3847 ternarius
652 3797 780 3861 pertinens
795 3799 978 3849 adnumerum
993 3800 1155 3862 superiorem,
1177 3797 1213 3843 ita
1228 3801 1257 3842 ut
1272 3808 1318 3856 pro

200 3862 307 3915 XXVI
314 3865 451 3928 legendum
462 3866 495 3916 sit
505 3862 659 3917 XXVIIII
664 3872 769 3931 tumque
781 3867 877 3930 aliquid
885 3869 1035 3917 mutandum
1048 3867 1075 3913 in
1087 3862 1198 3912 numeris
1212 3874 1318 3922 sequen·

200 3930 279 3995 tibus3
291 3947 314 3982 v.
327 3940 381 3982 not.
394 3947 447 3996 seq.
459 3973 491 3984 ..
504 3931 687 3983 obsidionalibus
697 3949 751 3998 uno,
765 3935 789 3983 d.
809 3934 900 3986 Ortum
910 3935 961 3983 hoc
973 3946 1027 3980 esse
1036 3930 1136 3978 ridetur
1147 3943 1181 3976 ex
1192 3928 1239 3975 obs.
1252 3925 1317 3991 IIII,

200 4013 250 4062 quo
262 4014 381 4050 numerus
393 4015 470 4063 supra
480 4000 560 4050 dictus
572 3999 687 4050 efficitur.
699 4042 731 4052 ..
744 4001 782 4060 X,
792 4002 825 4050 ad
836 4001 965 4065 superiora
976 3996 1052 4046 refert
1061 3996 1150 4056 Hard,
1163 4008 1318 4058 quamquam

200 4067 327 4130 explicare
339 4066 427 4116 nescit.
446 4104 478 4115 ..
496 4073 519 4112 et
534 4065 626 4130 vipera
638 4071 655 4117 d
667 4065 754 4130 (codd.
766 4065 888 4128 Salmas.)
910 4071 934 4112 et
944 4060 1040 4124 inperiti,
1051 4062 1083 4110 R.
1101 4102 1134 4112 ..
1156 4060 1227 4110 amni
1238 4063 1317 4124 bobus,

200 4132 256 4183 Gal.
273 4131 460 4194 similibualbd.
477 4130 671 4193 miiiituacodd.
681 4136 790 4186 Salmas.
807 4130 908 4194 caprinis
916 4129 979 4179 XX
984 4125 1094 4190 millibus,
1102 4147 1122 4180 r.
1140 4128 1245 4191 cefisos,
1255 4131 1318 4180 oeric

200 4197 276 4249 decem
288 4200 397 4260 millibus,
410 4196 511 4262 captivis
521 4206 545 4248 et
554 4197 626 4247 simul
637 4200 709 4250 bubus
719 4197 811 4264 vipinti,
826 4199 860 4248 K.
886 4195 986 4246 Similia
998 4197 1105 4246 coniecit
1116 4199 1228 4262 Rhodig.
1239 4200 1270 4250 L.
1282 4199 1317 4250 A.

201 4271 241 4330 33,
253 4274 286 4332 c,
299 4269 350 4320 alia
360 4266 469 4321 Salmas.
487 4265 548 4318 vin.
557 4264 663 4340 Gesner
672 4268 809 4319 chreston.
818 4279 843 4329 p.
855 4263 1316 4331 157111111111111111.331...
