2896 4800
356 295 425 343 axo.
441 295 489 341 rx.
520 292 599 342 car.
615 292 800 340 nvn-xx.
831 292 928 340 sucu.
944 294 1036 338 Μ.
1200 275 1260 340 161

161 447 236 515 ,aa
267 443 414 512 Piscium
442 444 497 510 alii
524 444 694 510 branchias
727 442 912 530 multiplicis
937 439 1070 523 habent,
1102 444 1157 510 alii
1184 445 1262 512 slm-
1276 462 1310 508 oo

140 545 245 635 plicis,
268 547 323 614 alii
346 545 501 634 duplicis3
536 546 587 612 his
608 567 725 632 aquam
747 546 899 612 emittunt
919 554 1085 631 acceptam
1106 568 1170 614 ore.
1199 546 1262 616 Se·

140 649 280 716 nectutis
301 649 456 716 indicium
471 669 677 733 squamarum
692 647 819 727 duritia,
841 667 925 732 quae
945 668 1010 712 non
1024 657 1100 712 sunt
1114 648 1263 717 omnibus

114 750 270 818 similes.
306 751 383 819 Duo
414 749 505 816 lacus
525 749 638 817 Italiae
670 749 705 815 in
731 749 894 816 radicibus
923 745 1059 834 Alpium
1084 746 1204 816 Larius
1229 763 1264 818 et

140 849 335 918 Verbannus
356 851 572 939 appellantur,
595 849 762 936 inquibus
784 850 890 936 pisces
905 850 1055 916 omnibus
1076 850 1168 916 annis
1189 872 1264 918 ver·

140 953 292 1041 giliarum
331 963 406 1018 ortu
443 951 606 1019 exsistunt
638 951 779 1036 squamis
811 949 977 1036 conspicui
1009 949 1131 1018 crebris
1167 963 1265 1037 atque

140 1054 332 1139 praeacutis,
359 1053 524 1120 clavorum
550 1053 738 1141 caligarium
766 1051 881 1139 effigie,
914 1073 975 1117 nec
1002 1052 1140 1139 amplius
1168 1074 1266 1137 quam

141 1154 229 1220 circa
250 1177 323 1222 eum
344 1176 489 1222 mensem
509 1154 668 1221 visuntur.
1207 1194 1209 1199 ·

182 1256 287 1322 XIX.
309 1258 361 1322 34.
397 1255 539 1322 Miratur
565 1266 598 1324 et
617 1254 761 1323 Arcadm
789 1278 884 1322 suum
910 1267 1099 1324 exocoetum
1120 1254 1265 1343 appella·
1279 1267 1311 1316 to

141 1369 210 1424 tum
235 1358 348 1438 abeo,
375 1358 462 1444 quod
487 1359 522 1424 in
544 1359 665 1424 siccum
687 1357 791 1425 somni
813 1380 911 1424 causa
933 1367 1038 1425 exeat.
1075 1355 1265 1425 01101011-

141 1460 259 1526 torium
290 1460 410 1526 vocalis
441 1459 496 1526 hic
522 1459 659 1527 traditur
686 1469 719 1525 et
748 1458 817 1526 sine
842 1457 1005 1526 branchiis
1031 1459 1119 1528 idem
1147 1459 1265 1546 aliquis
1370 1474 1376 1482 ’

140 1560 253 1626 adonis
275 1561 391 1628 dictus.

182 1661 233 1726 35.
265 1660 399 1729 Exeunt
427 1662 462 1727 in
489 1671 608 1730 terram
634 1672 667 1728 et
693 1662 749 1747 qui
778 1662 894 1728 marini
920 1685 1028 1730 mures
1054 1674 1210 1731 vocantur
1231 1671 1308 1730 au

138 1763 250 1850 polypi
271 1775 305 1830 et
324 1785 489 1843 murenae,
511 1818 554 1830 -
582 1763 662 1849 quin
689 1774 722 1830 et
742 1763 778 1828 in
798 1762 913 1830 Indiae
933 1765 1120 1832 fluminibus
1140 1775 1266 1832 certum

140 1887 245 1953 genus
276 1865 424 1953 piscium,
464 1888 503 1932 aa
535 1864 652 1931 deinde
683 1865 805 1944 resilit3
833 1917 876 1930 -
910 1887 986 1930 nam
1017 1864 1052 1930 in
1083 1875 1200 1953 stagna
1232 1877 1265 1932 et

145 1967 249 2032 amnis
263 1977 439 2035 transeunt.
461 1967 502 2032 In
516 1967 682 2053 plerisque
697 1965 830 2033 evidens
845 1966 928 2032 ratio
943 1975 993 2031 est
1012 1975 1050 2031 ut
1070 1975 1159 2032 tutos
1179 1966 1265 2032 fetus

141 2067 249 2147 edant,
285 2070 362 2154 quia
392 2089 459 2134 non
491 2068 555 2134 sirit
586 2066 633 2133 ibi
665 2067 722 2153 qui
753 2067 909 2134 devorent
939 2077 1052 2153 partus
1083 2065 1265 2151 fluctusque

139 2169 245 2234 minus
268 2170 421 2235 saeviant.
449 2167 521 2233 Has
543 2166 689 2254 intellegi
711 2166 752 2233 ab
773 2166 815 2234 iis
836 2189 951 2234 causas
972 2167 1158 2252 servarique
1180 2177 1264 2233 tem-

139 2291 256 2354 porum
287 2269 368 2334 vicis
398 2269 504 2354 magis
534 2267 669 2332 miretur
700 2268 729 2332 si
760 2267 833 2352 quis
859 2277 990 2354 reputet
1021 2277 1118 2353 quoto
1147 2267 1264 2353 cuique

139 2369 307 2434 hominum
337 2368 428 2436 nosci
458 2367 653 2434 uberrimam
685 2372 758 2434 osse
790 2377 955 2456 capturam
983 2370 1050 2436 sole
1078 2380 1265 2437 transeunte

94 2473 96 2477 ’
140 2468 281 2555 piscium
302 2470 440 2557 signum.

47 2562 52 2567 ’
183 2567 269 2635 XX.
290 2571 343 2636 36.
378 2570 581 2638 Marinorum
606 2570 660 2638 alii
687 2582 764 2638 sunt
788 2572 890 2660 plani,
917 2584 955 2639 ut
980 2573 1122 2653 rhombi,
1157 2575 1312 2642 soleaets

141 2693 178 2738 ac
198 2691 346 2758 passeres
367 2673 423 2757 qui
443 2673 485 2741 ab
506 2673 649 2741 rhombis
670 2674 736 2740 situ
756 2683 882 2741 tantum
903 2697 1074 2763 corporum
1095 2676 1262 2753 differunt3

142 2772 256 2839 dexter
275 2773 329 2840 hio
349 2775 557 2861 resupinatus
572 2785 622 2842 est
641 2775 715 2855 illis,
736 2777 860 2862 passeri
882 2777 1007 2856 laev0s3
1029 2777 1084 2844 alii
1105 2778 1204 2868 longi,
1227 2787 1264 2843 ut

139 2896 284 2955 murena,
306 2897 435 2966 conger.

141 3032 285 3084 coniectura
294 3032 575 3098 videturpraeferenda
595 3075 626 3085 ..
645 3051 764 3100 equorum,
775 3037 809 3088 Κ.
829 3078 860 3088 ..
884 3035 1041 3100 exhumatur,
1052 3037 1105 3089 Rd.
1125 3077 1157 3087 ..
1173 3033 1264 3102 prodr't,

141 3101 166 3148 d.
185 3139 217 3148 ..
237 3099 322 3163 quanti
332 3098 428 3150 lucana
438 3109 574 3152 mercatura
586 3118 638 3151 eum
647 3111 741 3168 captam
752 3104 848 3155 saburb.
861 3102 906 3166 lta,
918 3105 1014 3157 Sabell.

176 3185 191 3246 ξ
204 3187 244 3233 68.
262 3181 309 3232 aua
322 3182 402 3246 aliive,
418 3187 471 3237 Td.
489 3225 522 3236 ..
541 3183 686 3236 alai-nos
698 3202 749 3238 om.
760 3188 793 3238 R.
805 3228 836 3237 ..
854 3188 928 3239 Pone
939 3203 1055 3252 nusquam
1066 3187 1155 3240 inserit
1165 3185 1226 3238 alati
1234 3183 1265 3252 β,

141 3253 211 3312 quod
223 3251 305 3302 omitt.
318 3251 392 3315 Rdr.

175 3332 189 3394 ξ
203 3340 244 3386 69.
262 3334 367 3385 Padum
379 3335 431 3400 olii,
442 3353 467 3388 v.
478 3339 586 3391 Aristot.
599 3340 660 3391 hist.
672 3341 749 3391 anim.
762 3346 786 3400 2,
797 3347 837 3392 13.
848 3356 874 3406 p.
888 3345 956 3392 505⁸
968 3344 990 3393 7.
1008 3381 1041 3391 ..
1059 3355 1107 3404 ora,
1118 3339 1165 3392 Rd
1177 3336 1264 3402 (codd.

141 3400 213 3465 Gcl.)
231 3402 256 3452 in
267 3419 314 3466 ore,
326 3420 346 3454 r.
364 3406 444 3456 Varia
456 3408 559 3458 coniicit
569 3410 675 3459 Massar.
693 3410 727 3460 V.
739 3409 849 3460 Aristot.
862 3411 880 3460 l.
891 3410 910 3460 1.
922 3424 947 3474 p.
962 3408 1029 3461 504¹)
1042 3415 1083 3460 29.
1102 3450 1134 3460 ..
1152 3407 1265 3460 senata-

34 3475 36 3480 ’
141 3467 549 3535 u's,v.Aristor.1.l.c‚11.fin.
569 3471 859 3540 -inomaita,ss.-
885 3477 1033 3539 Verbonmce,
1049 3479 1103 3528 Rd.
1132 3477 1265 3538 Verbanus,

139 3528 190 3598 βγ.
209 3575 242 3584 -
259 3552 317 3597 eum,
330 3539 354 3586 d.
372 3554 408 3601 aa,
420 3540 452 3590 R.

175 3616 245 3678 §tu
266 3615 387 3682 Clitarum,
399 3622 431 3671 R.
450 3663 482 3672 ..
501 3623 597 3689 aliquis,
608 3628 663 3677 Rd.
681 3627 808 3692 aliqutbcc,
820 3624 872 3693 βγ.

174 3704 189 3765 ξ
205 3705 244 3753 71.
262 3701 353 3751 morici
361 3718 478 3783 mareau.
488 3706 608 3762 Schneid.
620 3711 654 3760 ad
664 3712 796 3775 'l'heophn
808 3713 840 3762 T.
853 3711 902 3762 IV.
914 3727 939 3777 p.
952 3719 1010 3763 801.
1022 3749 1054 3761 ..
1067 3719 1090 3758 at
1100 3725 1219 3772 maranae,
1231 3707 1264 3762 R.

140 3769 489 3889 ttlt’ltadltt
502 3775 725 3904 diffiniti
743 3785 969 3895 habitari?
981 3778 1178 3908 11111ᾱεῦ11·
1200 3793 1265 3898 'iit

141 3907 323 3958 somenam.
342 3949 375 3958 -
392 3906 457 3957 raa
468 3877 570 3971 eham,
583 3909 606 3958 a.
620 3948 653 3958 ..
672 3880 740 3972 nai,
752 3882 939 3974 aasa'aa,
950 3881 979 3972 {a
992 3952 1025 3962 ..
1043 3913 1091 3977 qa,
1103 3860 1264 3979 nola..

142 3969 197 4102 ᾆξ’
210 3968 368 4094 &ripalta
386 3974 431 4040 his,
445 3971 495 4037 ᾱβ.
515 4017 546 4026 ..
564 3975 712 4040 victualia.
732 4019 763 4028 ..
781 3979 859 4045 osopio
871 3977 924 4044 quis
934 3978 1066 4032 miratura'
1075 3990 1173 4047 reputat,
1184 3984 1217 4035 K.
1230 4024 1262 4034 ..

176 4123 245 4180 tta
263 4127 302 4189 ab,
313 4129 368 4179 Rd.
391 4145 415 4191 o,
428 4124 479 4195 βγ.
499 4171 531 4180 ..
553 4127 599 4192 bic,
615 4129 699 4182 RTd.
723 4129 812 4183 Omitt.
829 4127 881 4198 βν.
901 4174 932 4184 ..
950 4134 1102 4200 rceupinatic,
1114 4137 1145 4187 R.
1164 4178 1195 4188 ..
1215 4135 1264 4189 lca·

143 4203 194 4247 ctas,
206 4190 230 4237 d.
249 4191 322 4253 laeua,
334 4196 379 4246 R¹.
398 4194 461 4260 laed,
472 4200 518 4250 R2.
537 4238 568 4248 ..
587 4197 688 4262 cooperi,
700 4199 753 4249 Τὰ.

65 4317 74 4325 .
177 4256 253 4305 Parra.
271 4257 305 4307 11.
1019 4269 1057 4330 ll
