2896 4800
272 1516 662 1623 ecurunnn
698 1517 1134 1648 scatescens,

608 1723 790 1799 QUORUM

138 1874 425 2001 FREQUENS
464 1879 598 1966 USUS
633 1879 729 1966 EST
766 1877 821 1966 IN
860 1879 968 1966 HAC
998 1878 1260 1968 EDITIONE.

138 2227 232 2328 Cum
253 2267 291 2324 ab
310 2268 388 2323 Era.
409 2267 495 2323 Μ.
518 2266 736 2336 Wustemanne,
757 2264 797 2323 V.
814 2263 877 2336 ct,
899 2264 968 2322 mihi
994 2264 1189 2341 significatum
1210 2282 1259 2320 es-

136 2392 181 2442 set
199 2385 237 2442 ab
259 2382 359 2441 aulide
380 2383 556 2459 quibusdem
572 2383 645 2456 suis,
666 2383 717 2458 qui
729 2385 819 2441 rebus
834 2382 942 2443 nostris
957 2385 1030 2443 bene
1045 2391 1194 2460 cuperent,
1210 2382 1260 2438 de·

136 2502 258 2560 siderari
277 2501 401 2560 indicem
421 2502 582 2576 signorum,
604 2503 712 2577 quibus
726 2509 778 2560 aut
791 2503 854 2579 ipse
868 2502 898 2560 in
913 2503 1098 2577 designandis
1113 2502 1260 2560 codicibus

136 2637 207 2677 usus
222 2638 326 2692 essem,
341 2629 393 2681 aut
407 2638 534 2697 quorum
548 2620 686 2696 frequens
700 2640 772 2679 usus
786 2630 866 2681 esset
879 2622 910 2678 in
924 2629 1025 2681 nostra
1039 2621 1175 2692 editione,
1194 2620 1262 2678 licet

136 2737 164 2793 ei
177 2739 220 2796 rei
239 2739 268 2796 in
283 2739 465 2816 praelatione
479 2758 546 2797 cum
562 2739 639 2813 alibi,
652 2748 713 2798 tum
728 2758 800 2817 pag.
815 2740 931 2800 LVIII.
946 2748 976 2799 et
989 2759 1058 2816 pag.
1074 2739 1194 2797 LXIII.
1209 2741 1260 2797 ab·

135 2856 215 2912 unde
234 2875 253 2914 a
267 2875 314 2914 me
333 2857 515 2916 satistactum
534 2860 711 2935 putaverim,
733 2866 841 2931 tamen,
865 2878 901 2916 ne
915 2858 1041 2916 eliorum
1057 2857 1259 2916 voluntatibus

135 2971 199 3030 ulle
212 2974 241 3031 in
256 2993 290 3032 re
304 2964 448 3047 deessem,
463 2973 520 3032 hec
534 2976 600 3034 leco
615 2977 712 3035 omnia
725 2977 780 3034 illa
793 2976 878 3052 signa
891 2977 947 3035 sub
962 2996 1053 3035 unum
1069 2985 1259 3053 conspectum

135 3091 272 3167 ponende
292 3093 404 3163 curavi,
422 3092 523 3150 addita
537 3094 740 3168 explicatione,
762 3103 796 3152 ut
809 3092 897 3152 laeile
910 3094 1034 3167 quisque
1053 3092 1101 3149 vel
1115 3111 1174 3150 non
1189 3108 1260 3149 con·

137 3207 216 3267 sulta
234 3209 417 3285 praefatione
437 3211 523 3284 sciat,
551 3229 639 3286 quem
660 3211 787 3270 codicem
805 3210 930 3289 intelligi
952 3210 1110 3284 voluerim3
1137 3210 1260 3288 apposui

136 3335 236 3387 autem
256 3329 343 3389 simul
363 3347 431 3389 eum
450 3329 641 3407 praelationis
660 3329 769 3401 locum,
788 3330 819 3389 in
834 3348 893 3405 que
907 3330 1073 3388 accuratius
1088 3332 1124 3390 de
1138 3330 1260 3407 singulm

136 3447 248 3523 egitur,
276 3454 311 3506 ut
336 3449 386 3521 qui
407 3467 504 3506 meum
524 3449 560 3506 de
578 3466 679 3506 eorum
697 3448 791 3525 pretio
810 3449 948 3507 iudIcium
969 3466 1143 3524 cognoscere
1165 3448 1258 3504 velint

137 3563 235 3621 statim
250 3565 406 3639 reperiant.
435 3563 572 3622 Ceterum
587 3571 705 3623 teneant
718 3566 842 3626 lectores
857 3586 915 3638 mc,
936 3567 1027 3627 sicubi
1046 3566 1084 3624 ed
1100 3564 1257 3623 lectionum

136 3680 166 3739 in
189 3680 262 3738 meis
281 3679 428 3739 codicsstus
442 3690 624 3757 repertarum
638 3685 840 3742 auctoritatem
859 3685 1034 3742 firmandam
1048 3682 1197 3747 attulerim
1211 3703 1259 3742 co·

136 3802 244 3873 dicum,
261 3799 312 3879 qui
326 3801 363 3858 ab
379 3798 445 3857 aliis
459 3798 489 3856 in
504 3819 590 3858 usum
603 3803 699 3860 vocati
712 3807 791 3875 sunt,
806 3803 956 3875 lectiones,
971 3803 1144 3879 plerumque
1153 3822 1259 3882 paren·

137 3921 227 3978 thesis
243 3920 335 3995 signis
349 3936 437 3979 usum
452 3938 527 3992 esse,
550 3919 634 3978 cuius
648 3913 692 3977 rei
707 3939 828 3981 causam
844 3922 944 3999 aperui
957 3922 1048 4001 praef.
1063 3942 1132 4000 pag.
1146 3921 1217 3981 LX.

178 4039 337 4096 Praeterea
350 4038 533 4097 meminerint
548 4039 701 4114 vulgatam
715 4038 869 4099 lectionem
884 4059 903 4098 a
917 4061 963 4100 me
979 4042 1077 4100 vocari
1091 4058 1166 4112 eam,
1182 4058 1259 4114 quae

137 4159 168 4215 in
191 4159 260 4217 edit.
275 4156 505 4235 Dalemmpiana
525 4156 591 4235 (per
609 4158 737 4217 litteram
753 4155 769 4240 β
785 4161 960 4239 significata)
974 4160 1127 4238 reperitur,
1149 4160 1261 4234 deque

137 4293 170 4332 re
185 4274 245 4333 dixi
258 4275 352 4352 praei.
367 4294 398 4352 p.
412 4274 531 4336 LXIII.
553 4276 754 4337 Broterisnem
768 4281 837 4339 edit.
852 4298 905 4356 per
918 4278 1045 4339 litteram
1059 4295 1076 4356 γ
1089 4276 1226 4336 iudicavi·
