2896 4800
409 275 479 333 urs.
496 286 531 332 x.
561 285 638 332 oar.
653 285 753 330 xxm.
781 282 878 330 sso'r.
893 283 985 327 41..4s.
1195 264 1256 328 217

179 439 232 502 42.
254 437 331 503 Alia
352 435 522 501 admiratio
544 436 629 500 oiroa
649 434 790 513 oscinem
814 435 880 500 fere
901 441 1026 498 mutant
1045 432 1183 501 colorem
1198 456 1256 499 vo·-
1269 448 1303 494 so

139 561 270 623 oemque
292 549 437 624 tempore
459 537 534 601 anni
557 558 595 601 ao
616 546 746 622 repente
767 535 849 600 fiunt
870 535 961 612 aliae,
990 532 1078 617 quod
1103 533 1137 598 in
1158 548 1256 621 gran-

139 640 226 706 diore
248 641 361 704 alitum
388 661 506 727 genere
533 660 632 725 grues
654 647 795 714 tantum3
825 637 886 701 hae
914 634 999 701 enim
1021 644 1186 700 senectute
1206 635 1257 700 ni-

138 751 301 827 greseunt.
344 738 474 805 Merula
500 760 540 805 ex
574 739 668 827 nigra
693 738 842 816 rufescit,
876 736 962 802 oanit
987 744 1122 813 aestate,
1155 734 1258 800 hiemo

137 842 285 918 balbutit,
308 839 393 906 oiroa
415 839 585 906 solstitium
605 850 711 917 muta3
733 850 874 905 rostrum
896 856 1024 923 quoque
1045 837 1203 902 anniculis
1224 836 1260 902 in

139 944 219 1007 ebur
240 942 486 1029 transfiguratur
507 941 677 1006 dumtaxat
696 940 848 1005 maribus.
883 939 1003 1004 Turdis
1030 939 1117 1003 eolor
1138 946 1259 1003 aestate

139 1043 402 1108 eireaeervioem
423 1043 542 1120 varius,
564 1042 669 1108 hieme
691 1042 848 1108 eonoolor.

180 1143 233 1207 43.
254 1141 418 1208 Luseiniis
440 1143 554 1210 diebus
576 1165 615 1208 ao
635 1144 784 1210 noctibus
807 1140 967 1213 continuis
984 1139 1168 1225 quindecim
1182 1160 1259 1228 gar·
1271 1155 1302 1201 (ι

138 1243 229 1310 rulus
250 1244 318 1309 sine
339 1245 525 1311 intermissu
546 1255 659 1311 cantus
685 1245 840 1310 densante
862 1265 896 1309 se
917 1243 1081 1309 frondium
1102 1240 1259 1330 germine,

138 1367 204 1410 non
230 1345 265 1409 in
290 1344 499 1411 novissimum
527 1346 626 1434 digna
653 1346 770 1410 miratu
796 1367 865 1410 ave.
908 1343 1056 1410 Primum
1081 1353 1168 1408 tanta
1195 1363 1260 1407 vox

140 1455 205 1510 tam
226 1467 325 1530 parvo
346 1446 381 1511 in
408 1448 605 1533 corpusculo,
635 1457 701 1512 tam
726 1448 875 1532 pertinax
904 1446 1052 1530 spiritus3
1083 1444 1200 1510 deinde
1225 1443 1260 1507 in

139 1568 205 1610 una
225 1549 364 1633 perfecta
385 1549 510 1615 musica
532 1548 665 1614 seientia
685 1547 868 1612 modulatus
892 1547 998 1612 editur
1013 1567 1110 1611 sonus
1126 1555 1158 1610 et
1174 1565 1261 1610 nuno

74 1674 78 1680 ·
139 1649 288 1713 continuo
318 1649 434 1733 spiritu
462 1650 597 1714 trahitur
622 1649 657 1716 in
683 1648 826 1734 longum,
854 1671 940 1713 nune
966 1648 1109 1713 variatur
1129 1646 1258 1724 inflexo,

138 1771 224 1814 nuno
245 1749 456 1836 distinguitur
478 1749 615 1828 conciso,
644 1748 811 1833 copulatur
832 1748 960 1827 intorto,
987 1747 1186 1834 promittitur
1206 1770 1259 1812 re·

138 1860 262 1928 rosato,
284 1851 464 1916 infirscatur
486 1873 527 1916 ex
542 1850 716 1935 inopinato,
739 1848 898 1913 interdum
915 1859 948 1913 et
962 1870 1071 1912 seeum
1084 1848 1156 1933 ipse
1171 1870 1260 1911 mur-

138 1960 254 2027 murat,
281 1952 406 2036 plenus,
436 1952 555 2037 gravis,
583 1961 709 2028 aeutus,
738 1949 860 2026 creber,
884 1958 1048 2026 extentus3
1077 1948 1134 2012 ubi
1155 1947 1261 2012 visum

140 2061 200 2128 est,
221 2051 363 2132 vibrans,
388 2074 542 2130 summus,
565 2050 702 2127 medius,
723 2050 825 2126 imus3
848 2050 1052 2132 breviterque
1065 2048 1173 2113 omnia
1195 2058 1260 2113 tam
1272 2063 1305 2110 sa

139 2152 281 2236 parvulis
308 2151 343 2216 in
369 2153 516 2216 fauoibus
544 2173 627 2235 quae
655 2150 820 2234 exquisitis
848 2150 1000 2214 tibiarum
1022 2148 1186 2214 tormentis
1207 2171 1261 2214 ars

139 2253 305 2320 hominum
326 2252 545 2339 excogitavit,
574 2274 638 2316 non
667 2251 710 2315 sit
734 2261 770 2314 ut
797 2250 931 2315 dubium
956 2249 1040 2313 hano
1069 2248 1261 2314 suavitatem
1347 2326 1357 2337 ,

138 2362 425 2439 praemonstratam
453 2351 575 2418 effieaoi
601 2350 746 2436 auspicio
775 2375 848 2416 oum
873 2351 984 2416 inore
1006 2347 1183 2416 Stesichori
1205 2374 1260 2417 oe·

139 2451 218 2518 cinit
238 2451 379 2518 infantis.
411 2452 464 2519 Ao
485 2476 526 2518 ne
548 2453 620 2538 quis
642 2451 768 2518 dubitet
789 2453 867 2518 artis
889 2474 970 2529 esse,
992 2452 1103 2538 plures
1126 2452 1262 2539 singulis

140 2564 216 2618 sunt
238 2564 352 2619 cantus
375 2576 435 2620 nee
454 2554 553 2619 iidem
574 2553 722 2619 omnibus
738 2553 795 2619 sed
810 2553 860 2618 sui
875 2553 1000 2637 cuique.
1024 2551 1159 2620 Certant
1175 2555 1261 2621 inter
1273 2567 1306 2613 8³

140 2677 175 2721 se
196 2656 367 2741 palamque
394 2655 537 2721 animosa
564 2655 725 2720 eontentio
747 2665 812 2732 est3
840 2655 927 2721 vieta
948 2667 1049 2724 morte
1070 2656 1142 2722 finit
1164 2679 1260 2743 saepe

138 2755 247 2835 vitam,
271 2757 386 2844 spiritu
406 2756 498 2842 prius
520 2755 689 2824 deficiente
711 2774 807 2843 quam
830 2766 935 2825 oantu.
958 2756 1159 2824 Meditantur
1179 2759 1260 2825 aliae

138 2858 318 2925 iuveniores
342 2874 520 2941 versusque
548 2878 628 2941 quos
654 2858 820 2922 imitentur
841 2857 1003 2943 ascipiunt
1010 2885 1020 2938 3
1050 2861 1141 2925 audit
1161 2860 1259 2927 disei-

138 3031 241 3148 Βὲἕθ.
274 3028 560 3093 Herculeavffiolind,
575 3035 615 3080 11.
634 3029 791 3093 ..fastidia
804 3044 855 3079 om.
869 3032 905 3080 nt
925 3069 957 3080 ..
978 3026 1063 3094 Aaron,
1075 3035 1100 3083 <L
1118 3073 1150 3082 ..
1172 3048 1260 3096 ceruos,

216 3114 236 3148 r.

172 3179 186 3239 ἓ
200 3186 240 3230 80.
259 3178 394 3231 admiratio.
416 3180 580 3246 Oscinesfere,
592 3198 611 3231 r.
624 3222 656 3234 ..
671 3188 778 3244 tempore,
789 3182 821 3231 R.
840 3187 867 3229 ut
878 3188 986 3245 tempore,
1002 3174 1053 3230 θᾱ.
1065 3222 1097 3231 ..
1114 3178 1166 3243 luae,
1177 3184 1202 3232 R
1211 3174 1261 3233 od.

137 3245 187 3308 eae,
198 3243 228 3310 β.
245 3249 279 3299 V.
292 3250 400 3300 Aristot.
411 3250 470 3300 hist.
483 3250 558 3300 anim.
571 3256 596 3311 8,
610 3255 650 3300 12.
662 3249 716 3299 init.
730 3257 756 3299 et
767 3248 848 3300 Solin.
863 3255 903 3311 11,
918 3254 958 3299 16.
983 3290 1015 3299 -
1042 3246 1165 3311 Merulae,
1180 3242 1208 3299 θ.
1226 3249 1261 3300 V.

136 3316 268 3367 Aristotel.
281 3318 329 3368 1.1.
343 3324 366 3381 9,
380 3325 421 3373 49.
434 3319 534 3370 B-init.
561 3359 593 3368 ..
617 3316 724 3380 rubescit,
737 3333 757 3368 r.
775 3325 915 3378 maereant,
931 3310 959 3367 θ.
986 3358 1018 3368 -
1045 3315 1201 3382 battutas.
1229 3358 1261 3368 ..

137 3392 209 3447 mutu,
221 3386 253 3435 R.
271 3393 353 3449 mutat,
366 3388 436 3438 Tdr.
455 3428 487 3436 -
505 3384 629 3448 anomalia,
641 3386 673 3436 R.
691 3386 752 3434 anni
760 3384 863 3448 circula,
875 3387 928 3437 Td.
948 3426 980 3436 ..
998 3392 1066 3448 etate,
1079 3389 1103 3436 (1.

170 3471 237 3531 §8L
263 3469 375 3533 quauta,
387 3488 407 3522 r.
430 3471 550 3524 Ceterum
561 3486 585 3521 v.
598 3472 734 3522 Aristotl.
751 3473 770 3522 l.
787 3487 812 3536 p.
831 3470 898 3522 632¹>
911 3477 951 3522 21.
983 3512 1015 3521 -
1046 3468 1223 3530 intensissime,
1236 3472 1261 3520 d.

138 3573 169 3582 ..
188 3534 326 3596 novissimis,
337 3539 371 3590 K.
383 3579 415 3588 -
434 3539 530 3600 maaca,
542 3532 647 3590 ROTu
659 3538 760 3602 (Ambr.
774 3538 809 3603 1.)
827 3539 920 3599 musice,
932 3540 1021 3588 Ambr.
1033 3539 1069 3588 H.
1087 3538 1196 3598 musicae,
1208 3532 1261 3601 βγ.

136 3600 170 3649 V.
183 3602 215 3649 ad
228 3607 268 3661 36,
283 3607 339 3651 159.
357 3643 389 3652 ..
407 3603 536 3663 modulatu,
549 3607 586 3656 d¹.
608 3646 641 3655 ..
663 3607 818 3669 promittitur,
832 3610 847 3656 d
860 3603 999 3669 (Murbac.)
1022 3606 1147 3667 promitur,
1160 3609 1208 3656 Rr.
1227 3645 1260 3654 .-

136 3675 267 3729 revocutur,
279 3683 299 3715 r.
321 3707 353 3718 ..
377 3684 406 3716 er
421 3669 549 3733 inopinate,
566 3689 578 3721 r
594 3669 697 3733 (Ambr.
710 3671 792 3734 LII.)
811 3713 843 3722 ..
866 3679 1004 3734 memorat,
1016 3673 1099 3721 Rhen.
1111 3673 1157 3721 Rd
1169 3669 1209 3734 (in
1220 3687 1260 3722 ra·

136 3733 216 3798 sura.)
234 3743 354 3796 memorat,
371 3727 399 3784 θ.
418 3776 450 3784 ..
468 3745 542 3797 uetus,
554 3740 578 3786 d.

170 3819 185 3882 ξ
199 3827 239 3871 82.
258 3835 325 3883 quae,
338 3820 369 3870 R.
388 3835 449 3883 quoe
462 3827 501 3883 tot,
514 3822 531 3868 d
543 3816 645 3882 (omnes
657 3823 730 3871 codd.
744 3838 784 3885 ap.
797 3819 886 3884 Rern.)
910 3862 942 3871 ..
963 3821 1089 3885 inquisitis,
1101 3822 1146 3872 Rs
1169 3865 1201 3873 ..
1224 3822 1260 3872 in·

136 3887 277 3949 strumentis,
289 3890 378 3938 Daleo.
397 3928 429 3937 ..
447 3887 580 3949 tussitat,
592 3890 646 3940 Rd.
664 3895 746 3936 utnon
757 3889 795 3950 sit,
807 3885 858 3953 βγ.
876 3930 908 3939 -
927 3889 999 3951 ortis,
1017 3890 1042 3938 R
1057 3887 1197 3954 (Mnrbec.)
1219 3908 1260 3941 or.

138 3963 182 4018 tea,
195 3958 212 4006 d
227 3952 330 4018 (Ambr.
342 3956 364 4005 Ι.
377 3954 425 4019 H.)
443 3963 507 4016 arte,
519 3971 539 4004 r.
567 3997 599 4006 ...
626 3971 688 4016 ease,
699 3957 783 4007 Rhen.
799 3958 863 4007 Rdr
883 3955 984 4020 (Ambr.
1001 3957 1023 4006 Ι.
1040 3956 1089 4020 11.)
1110 3974 1171 4020 sese,
1188 3962 1259 4012 Mur·

136 4023 191 4072 beo.
208 4064 240 4072 -
258 4023 365 4089 sinuatis,
377 4025 459 4076 Rhen.
477 4021 923 4088 sinyuli,1tdr(MurhaaAmbr.1.
937 4022 986 4087 Π.)
1013 4066 1045 4074 -
1072 4034 1151 4089 contu,
1163 4027 1208 4079 R¹.
1226 4070 1259 4080 .-

136 4105 199 4218 pond
197 4091 262 4208 {1th
274 4099 300 4140 ut
310 4108 360 4219 'dec'
371 4093 485 4144 Murbao.
507 4099 530 4141 et
542 4105 596 4154 non,
608 4093 681 4142 codd.
693 4092 770 4143 Rem.
794 4133 825 4143 ..
849 4090 917 4156 Man,
929 4109 942 4143 r
953 4089 1095 4157 (Murbao.)
1118 4135 1151 4147 ..
1171 4113 1235 4162 aaut,
1247 4115 1261 4151 r

151 4171 180 4205 oo
218 4193 224 4206 .
262 4173 312 4208 aaz.

171 4239 185 4300 ἐ
199 4247 239 4292 83.
257 4239 329 4307 ultae,
342 4259 392 4296 om.
405 4247 443 4297 (11.
464 4285 490 4296 -
512 4245 650 4310 iuveniores,
662 4238 770 4300 sord
782 4243 883 4312 (Ambr.
896 4245 918 4299 I.
929 4243 979 4312 Π.)
996 4246 1108 4311 r‘umores,
1117 4244 1147 4312 β.
