<?xml version="1.0" encoding="UTF-8"?>
<!DOCTYPE html PUBLIC "-//W3C//DTD XHTML 1.0 Transitional//EN"
    "http://www.w3.org/TR/xhtml1/DTD/xhtml1-transitional.dtd">
<html xmlns="http://www.w3.org/1999/xhtml" xml:lang="en" lang="en">
 <head>
  <title>
</title>
<meta http-equiv="Content-Type" content="text/html;charset=utf-8" />
  <meta name='ocr-system' content='tesseract 3.04.00' />
  <meta name='ocr-capabilities' content='ocr_page ocr_carea ocr_par ocr_line ocrx_word'/>
</head>
<body>
  <div class='ocr_page' id='page_1' title='image "./cplinisecundina09plingoog_0060.png"; bbox 0 0 2896 4800; ppageno 0'>
   <div class='ocr_carea' id='block_1_1' title="bbox 344 221 1251 316">
    <p class='ocr_par' dir='ltr' id='par_1_1' title="bbox 344 221 1251 316">
     <span class='ocr_line' id='line_1_1' title="bbox 344 221 1251 316; baseline -0.004 0"><span class='ocrx_word' id='word_1_1' title='bbox 344 269 415 316; x_wconf 79' lang='lat' dir='ltr'>mn.</span> <span class='ocrx_word' id='word_1_2' title='bbox 433 269 495 316; x_wconf 89' lang='lat' dir='ltr'>vu.</span> <span class='ocrx_word' id='word_1_3' title='bbox 519 266 598 314; x_wconf 77' lang='lat' dir='ltr'>car.</span> <span class='ocrx_word' id='word_1_4' title='bbox 615 221 716 313; x_wconf 63' lang='lat' dir='ltr'>xiim.</span> <span class='ocrx_word' id='word_1_5' title='bbox 731 265 829 312; x_wconf 75' lang='lat' dir='ltr'>xm.</span> <span class='ocrx_word' id='word_1_6' title='bbox 859 265 957 313; x_wconf 83' lang='lat' dir='ltr'>aron.</span> <span class='ocrx_word' id='word_1_7' title='bbox 972 267 1005 310; x_wconf 92' lang='grc'>44.</span> <span class='ocrx_word' id='word_1_8' title='bbox 1019 267 1051 309; x_wconf 83' lang='lat' dir='ltr'>n.</span> <span class='ocrx_word' id='word_1_9' title='bbox 1209 251 1251 313; x_wconf 81' lang='lat'>45</span> 
     </span>
    </p>
   </div>
   <div class='ocr_carea' id='block_1_2' title="bbox 43 414 1319 2926">
    <p class='ocr_par' dir='ltr' id='par_1_2' title="bbox 128 414 1252 606">
     <span class='ocr_line' id='line_1_2' title="bbox 128 414 1252 504; baseline -0.004 -14"><span class='ocrx_word' id='word_1_10' title='bbox 128 426 162 490; x_wconf 90' lang='lat' dir='ltr'>in</span> <span class='ocrx_word' id='word_1_11' title='bbox 191 431 339 488; x_wconf 89' lang='lat' dir='ltr'>senatum</span> <span class='ocrx_word' id='word_1_12' title='bbox 366 419 442 498; x_wconf 93' lang='lat' dir='ltr'>iret,</span> <span class='ocrx_word' id='word_1_13' title='bbox 472 438 569 484; x_wconf 88' lang='lat' dir='ltr'>curru</span> <span class='ocrx_word' id='word_1_14' title='bbox 595 416 768 484; x_wconf 85' lang='lat' dir='ltr'>veheretur</span> <span class='ocrx_word' id='word_1_15' title='bbox 796 415 838 481; x_wconf 92' lang='lat' dir='ltr'>ad</span> <span class='ocrx_word' id='word_1_16' title='bbox 866 414 1005 494; x_wconf 89' lang='lat' dir='ltr'>curiam,</span> <span class='ocrx_word' id='word_1_17' title='bbox 1038 437 1192 504; x_wconf 83' lang='lat' dir='ltr'>magnum</span> <span class='ocrx_word' id='word_1_18' title='bbox 1220 426 1252 487; x_wconf 81' lang='lat' dir='ltr'>et</span> 
     </span>
     <span class='ocr_line' id='line_1_3' title="bbox 129 517 691 606; baseline -0.012 -17"><span class='ocrx_word' id='word_1_19' title='bbox 129 522 264 589; x_wconf 87' lang='lat' dir='ltr'>sublime</span> <span class='ocrx_word' id='word_1_20' title='bbox 286 520 344 587; x_wconf 89' lang='lat' dir='ltr'>sed</span> <span class='ocrx_word' id='word_1_21' title='bbox 364 540 425 606; x_wconf 92' lang='lat' dir='ltr'>pro</span> <span class='ocrx_word' id='word_1_22' title='bbox 447 517 549 585; x_wconf 89' lang='lat' dir='ltr'>oculis</span> <span class='ocrx_word' id='word_1_23' title='bbox 571 517 691 582; x_wconf 91' lang='lat' dir='ltr'>datum.</span> 
     </span>
    </p>

    <p class='ocr_par' dir='ltr' id='par_1_3' title="bbox 43 614 1319 2926">
     <span class='ocr_line' id='line_1_4' title="bbox 169 614 1317 703; baseline 0 -16"><span class='ocrx_word' id='word_1_24' title='bbox 169 621 298 691; x_wconf 87' lang='lat' dir='ltr'>XLIV.</span> <span class='ocrx_word' id='word_1_25' title='bbox 330 619 441 685; x_wconf 91' lang='lat' dir='ltr'>Huius</span> <span class='ocrx_word' id='word_1_26' title='bbox 468 637 595 703; x_wconf 89' lang='lat' dir='ltr'>quoque</span> <span class='ocrx_word' id='word_1_27' title='bbox 617 617 659 698; x_wconf 73' lang='lat' dir='ltr'>Q.</span> <span class='ocrx_word' id='word_1_28' title='bbox 679 615 808 683; x_wconf 85' lang='lat' dir='ltr'>Metelli</span> <span class='ocrx_word' id='word_1_29' title='bbox 823 615 892 701; x_wconf 83' lang='lat' dir='ltr'>qui</span> <span class='ocrx_word' id='word_1_30' title='bbox 920 614 976 682; x_wconf 92' lang='lat' dir='ltr'>illa</span> <span class='ocrx_word' id='word_1_31' title='bbox 996 615 1038 682; x_wconf 90' lang='lat' dir='ltr'>de</span> <span class='ocrx_word' id='word_1_32' title='bbox 1058 627 1149 703; x_wconf 88' lang='lat' dir='ltr'>patre</span> <span class='ocrx_word' id='word_1_33' title='bbox 1170 620 1254 685; x_wconf 88' lang='lat' dir='ltr'>dixit</span> <span class='ocrx_word' id='word_1_34' title='bbox 1268 642 1317 690; x_wconf 77' lang='grc' dir='ltr'>ιιι</span> 
     </span>
     <span class='ocr_line' id='line_1_5' title="bbox 128 717 1254 803; baseline -0.003 -14"><span class='ocrx_word' id='word_1_35' title='bbox 128 723 214 789; x_wconf 87' lang='lat' dir='ltr'>filius</span> <span class='ocrx_word' id='word_1_36' title='bbox 234 721 319 788; x_wconf 89' lang='lat' dir='ltr'>inter</span> <span class='ocrx_word' id='word_1_37' title='bbox 339 741 413 786; x_wconf 87' lang='lat' dir='ltr'>rara</span> <span class='ocrx_word' id='word_1_38' title='bbox 434 718 597 784; x_wconf 76' lang='lat' dir='ltr'>felicitatis</span> <span class='ocrx_word' id='word_1_39' title='bbox 618 717 777 784; x_wconf 81' lang='lat' dir='ltr'>humanae</span> <span class='ocrx_word' id='word_1_40' title='bbox 792 717 940 803; x_wconf 89' lang='lat' dir='ltr'>exempla</span> <span class='ocrx_word' id='word_1_41' title='bbox 954 729 1149 784; x_wconf 89' lang='lat' dir='ltr'>numeratur.</span> <span class='ocrx_word' id='word_1_42' title='bbox 1170 720 1254 786; x_wconf 89' lang='lat' dir='ltr'>Nam</span> 
     </span>
     <span class='ocr_line' id='line_1_6' title="bbox 129 817 1254 911; baseline -0.004 -22"><span class='ocrx_word' id='word_1_43' title='bbox 129 833 257 911; x_wconf 89' lang='lat' dir='ltr'>praeter</span> <span class='ocrx_word' id='word_1_44' title='bbox 270 823 408 887; x_wconf 86' lang='lat' dir='ltr'>honores</span> <span class='ocrx_word' id='word_1_45' title='bbox 423 819 641 905; x_wconf 86' lang='lat' dir='ltr'>amplissimos</span> <span class='ocrx_word' id='word_1_46' title='bbox 656 841 900 904; x_wconf 84' lang='lat' dir='ltr'>cognomenque</span> <span class='ocrx_word' id='word_1_47' title='bbox 922 841 940 884; x_wconf 93' lang='lat' dir='ltr'>e</span> <span class='ocrx_word' id='word_1_48' title='bbox 954 817 1147 884; x_wconf 89' lang='lat' dir='ltr'>Macedonia</span> <span class='ocrx_word' id='word_1_49' title='bbox 1160 831 1254 903; x_wconf 91' lang='lat' dir='ltr'>quat-</span> 
     </span>
     <span class='ocr_line' id='line_1_7' title="bbox 130 919 1254 1006; baseline -0.003 -16"><span class='ocrx_word' id='word_1_50' title='bbox 130 938 203 990; x_wconf 86' lang='lat' dir='ltr'>tuor</span> <span class='ocrx_word' id='word_1_51' title='bbox 229 924 304 989; x_wconf 90' lang='lat' dir='ltr'>filiis</span> <span class='ocrx_word' id='word_1_52' title='bbox 329 922 448 988; x_wconf 91' lang='lat' dir='ltr'>inlatus</span> <span class='ocrx_word' id='word_1_53' title='bbox 474 943 564 1006; x_wconf 90' lang='lat' dir='ltr'>rogo,</span> <span class='ocrx_word' id='word_1_54' title='bbox 595 942 662 985; x_wconf 92' lang='lat' dir='ltr'>uno</span> <span class='ocrx_word' id='word_1_55' title='bbox 690 920 860 1006; x_wconf 88' lang='lat' dir='ltr'>praetorio,</span> <span class='ocrx_word' id='word_1_56' title='bbox 889 919 993 985; x_wconf 85' lang='lat' dir='ltr'>tribus</span> <span class='ocrx_word' id='word_1_57' title='bbox 1020 920 1254 1000; x_wconf 88' lang='lat' dir='ltr'>consularibus,</span> 
     </span>
     <span class='ocr_line' id='line_1_8' title="bbox 130 1019 1255 1109; baseline -0.003 -18"><span class='ocrx_word' id='word_1_58' title='bbox 130 1025 257 1091; x_wconf 90' lang='lat' dir='ltr'>duobus</span> <span class='ocrx_word' id='word_1_59' title='bbox 283 1021 548 1109; x_wconf 77' lang='lat' dir='ltr'>triumphalibus,</span> <span class='ocrx_word' id='word_1_60' title='bbox 579 1042 646 1086; x_wconf 93' lang='lat' dir='ltr'>uno</span> <span class='ocrx_word' id='word_1_61' title='bbox 671 1021 833 1099; x_wconf 90' lang='lat' dir='ltr'>censorio,</span> <span class='ocrx_word' id='word_1_62' title='bbox 863 1041 946 1105; x_wconf 88' lang='lat' dir='ltr'>quae</span> <span class='ocrx_word' id='word_1_63' title='bbox 973 1019 1101 1106; x_wconf 86' lang='lat' dir='ltr'>singula</span> <span class='ocrx_word' id='word_1_64' title='bbox 1127 1042 1255 1107; x_wconf 89' lang='lat' dir='ltr'>quoque</span> 
     </span>
     <span class='ocr_line' id='line_1_9' title="bbox 130 1121 1317 1211; baseline 0.002 -21"><span class='ocrx_word' id='word_1_65' title='bbox 130 1126 244 1210; x_wconf 80' lang='lat' dir='ltr'>paucis</span> <span class='ocrx_word' id='word_1_66' title='bbox 273 1124 455 1211; x_wconf 87' lang='lat' dir='ltr'>contigere3</span> <span class='ocrx_word' id='word_1_67' title='bbox 486 1121 621 1208; x_wconf 90' lang='lat' dir='ltr'>inipso</span> <span class='ocrx_word' id='word_1_68' title='bbox 648 1131 756 1187; x_wconf 87' lang='lat' dir='ltr'>tamen</span> <span class='ocrx_word' id='word_1_69' title='bbox 780 1122 858 1187; x_wconf 90' lang='lat' dir='ltr'>flore</span> <span class='ocrx_word' id='word_1_70' title='bbox 885 1121 1082 1208; x_wconf 84' lang='lat' dir='ltr'>dignationis</span> <span class='ocrx_word' id='word_1_71' title='bbox 1110 1145 1186 1189; x_wconf 89' lang='lat' dir='ltr'>suae</span> <span class='ocrx_word' id='word_1_72' title='bbox 1212 1123 1254 1189; x_wconf 93' lang='lat' dir='ltr'>ab</span> <span class='ocrx_word' id='word_1_73' title='bbox 1270 1148 1317 1192; x_wconf 76' lang='lat'>14³</span> 
     </span>
     <span class='ocr_line' id='line_1_10' title="bbox 132 1221 1255 1311; baseline 0 -21"><span class='ocrx_word' id='word_1_74' title='bbox 132 1224 172 1290; x_wconf 85' lang='lat' dir='ltr'>O.</span> <span class='ocrx_word' id='word_1_75' title='bbox 198 1223 313 1289; x_wconf 88' lang='lat' dir='ltr'>Atinio</span> <span class='ocrx_word' id='word_1_76' title='bbox 339 1222 495 1289; x_wconf 88' lang='lat' dir='ltr'>Labeone</span> <span class='ocrx_word' id='word_1_77' title='bbox 527 1223 580 1288; x_wconf 88' lang='lat' dir='ltr'>cui</span> <span class='ocrx_word' id='word_1_78' title='bbox 611 1243 790 1311; x_wconf 85' lang='lat' dir='ltr'>cognomen</span> <span class='ocrx_word' id='word_1_79' title='bbox 821 1222 884 1288; x_wconf 86' lang='lat' dir='ltr'>luit</span> <span class='ocrx_word' id='word_1_80' title='bbox 913 1221 1094 1290; x_wconf 86' lang='lat' dir='ltr'>Macerioni</span> <span class='ocrx_word' id='word_1_81' title='bbox 1126 1223 1255 1290; x_wconf 91' lang='lat' dir='ltr'>tribuno</span> 
     </span>
     <span class='ocr_line' id='line_1_11' title="bbox 131 1323 1255 1413; baseline 0.001 -23"><span class='ocrx_word' id='word_1_82' title='bbox 131 1323 247 1409; x_wconf 83' lang='lat' dir='ltr'>plebis,</span> <span class='ocrx_word' id='word_1_83' title='bbox 275 1346 372 1408; x_wconf 90' lang='lat' dir='ltr'>quem</span> <span class='ocrx_word' id='word_1_84' title='bbox 399 1346 417 1389; x_wconf 92' lang='lat' dir='ltr'>e</span> <span class='ocrx_word' id='word_1_85' title='bbox 446 1332 559 1389; x_wconf 88' lang='lat' dir='ltr'>senatu</span> <span class='ocrx_word' id='word_1_86' title='bbox 586 1345 700 1390; x_wconf 88' lang='lat' dir='ltr'>censor</span> <span class='ocrx_word' id='word_1_87' title='bbox 728 1323 875 1401; x_wconf 87' lang='lat' dir='ltr'>eiecerat,</span> <span class='ocrx_word' id='word_1_88' title='bbox 892 1335 1070 1390; x_wconf 76' lang='lat' dir='ltr'>revertens</span> <span class='ocrx_word' id='word_1_89' title='bbox 1094 1347 1112 1391; x_wconf 97' lang='lat' dir='ltr'>e</span> <span class='ocrx_word' id='word_1_90' title='bbox 1139 1347 1255 1413; x_wconf 90' lang='lat' dir='ltr'>campo</span> 
     </span>
     <span class='ocr_line' id='line_1_12' title="bbox 130 1420 1255 1513; baseline 0.003 -23"><span class='ocrx_word' id='word_1_91' title='bbox 130 1426 307 1490; x_wconf 87' lang='lat' dir='ltr'>meridiano</span> <span class='ocrx_word' id='word_1_92' title='bbox 339 1435 482 1511; x_wconf 88' lang='lat' dir='ltr'>tempore</span> <span class='ocrx_word' id='word_1_93' title='bbox 513 1445 616 1491; x_wconf 90' lang='lat' dir='ltr'>vacuo</span> <span class='ocrx_word' id='word_1_94' title='bbox 646 1426 715 1491; x_wconf 89' lang='lat' dir='ltr'>foro</span> <span class='ocrx_word' id='word_1_95' title='bbox 748 1435 780 1490; x_wconf 88' lang='lat' dir='ltr'>et</span> <span class='ocrx_word' id='word_1_96' title='bbox 813 1420 974 1510; x_wconf 85' lang='lat' dir='ltr'>Capitolio</span> <span class='ocrx_word' id='word_1_97' title='bbox 1007 1425 1050 1490; x_wconf 92' lang='lat' dir='ltr'>ad</span> <span class='ocrx_word' id='word_1_98' title='bbox 1079 1425 1255 1513; x_wconf 83' lang='lat' dir='ltr'>Tarpeium</span> 
     </span>
     <span class='ocr_line' id='line_1_13' title="bbox 43 1525 1256 1614; baseline 0.005 -23"><span class='ocrx_word' id='word_1_99' title='bbox 43 1598 47 1609; x_wconf 36' lang='grc' dir='ltr'>Ι</span> <span class='ocrx_word' id='word_1_100' title='bbox 131 1537 244 1614; x_wconf 92' lang='lat' dir='ltr'>raptus</span> <span class='ocrx_word' id='word_1_101' title='bbox 269 1537 307 1592; x_wconf 92' lang='lat' dir='ltr'>ut</span> <span class='ocrx_word' id='word_1_102' title='bbox 326 1526 601 1612; x_wconf 84' lang='lat' dir='ltr'>praecipitaretur,</span> <span class='ocrx_word' id='word_1_103' title='bbox 627 1525 815 1592; x_wconf 88' lang='lat' dir='ltr'>convolante</span> <span class='ocrx_word' id='word_1_104' title='bbox 840 1526 973 1610; x_wconf 91' lang='lat' dir='ltr'>quidem</span> <span class='ocrx_word' id='word_1_105' title='bbox 998 1537 1064 1592; x_wconf 90' lang='lat' dir='ltr'>tam</span> <span class='ocrx_word' id='word_1_106' title='bbox 1084 1552 1256 1597; x_wconf 85' lang='lat' dir='ltr'>numerosa</span> 
     </span>
     <span class='ocr_line' id='line_1_14' title="bbox 130 1626 1255 1713; baseline 0.004 -20"><span class='ocrx_word' id='word_1_107' title='bbox 130 1628 184 1693; x_wconf 85' lang='lat' dir='ltr'>illa</span> <span class='ocrx_word' id='word_1_108' title='bbox 212 1626 342 1694; x_wconf 85' lang='lat' dir='ltr'>cohorte</span> <span class='ocrx_word' id='word_1_109' title='bbox 369 1649 451 1711; x_wconf 86' lang='lat' dir='ltr'>quae</span> <span class='ocrx_word' id='word_1_110' title='bbox 478 1635 603 1713; x_wconf 86' lang='lat' dir='ltr'>patrem</span> <span class='ocrx_word' id='word_1_111' title='bbox 630 1647 705 1693; x_wconf 90' lang='lat' dir='ltr'>eum</span> <span class='ocrx_word' id='word_1_112' title='bbox 732 1626 928 1713; x_wconf 87' lang='lat' dir='ltr'>appellabat,</span> <span class='ocrx_word' id='word_1_113' title='bbox 957 1628 1027 1706; x_wconf 86' lang='lat' dir='ltr'>aed,</span> <span class='ocrx_word' id='word_1_114' title='bbox 1059 1639 1097 1694; x_wconf 93' lang='lat' dir='ltr'>ut</span> <span class='ocrx_word' id='word_1_115' title='bbox 1121 1652 1255 1696; x_wconf 83' lang='lat' dir='ltr'>necesse</span> 
     </span>
     <span class='ocr_line' id='line_1_15' title="bbox 131 1728 1254 1819; baseline 0.003 -24"><span class='ocrx_word' id='word_1_116' title='bbox 131 1740 198 1795; x_wconf 91' lang='lat' dir='ltr'>erat</span> <span class='ocrx_word' id='word_1_117' title='bbox 223 1730 258 1795; x_wconf 93' lang='lat' dir='ltr'>in</span> <span class='ocrx_word' id='word_1_118' title='bbox 286 1729 404 1819; x_wconf 72' lang='lat' dir='ltr'>subito,</span> <span class='ocrx_word' id='word_1_119' title='bbox 433 1728 523 1793; x_wconf 90' lang='lat' dir='ltr'>tarde</span> <span class='ocrx_word' id='word_1_120' title='bbox 553 1736 585 1793; x_wconf 92' lang='lat' dir='ltr'>et</span> <span class='ocrx_word' id='word_1_121' title='bbox 613 1737 776 1812; x_wconf 89' lang='lat' dir='ltr'>tamquam</span> <span class='ocrx_word' id='word_1_122' title='bbox 804 1728 839 1793; x_wconf 93' lang='lat' dir='ltr'>in</span> <span class='ocrx_word' id='word_1_123' title='bbox 868 1729 1049 1814; x_wconf 87' lang='lat' dir='ltr'>exsequias,</span> <span class='ocrx_word' id='word_1_124' title='bbox 1078 1753 1152 1797; x_wconf 92' lang='lat' dir='ltr'>cum</span> <span class='ocrx_word' id='word_1_125' title='bbox 1172 1733 1254 1798; x_wconf 87' lang='lat' dir='ltr'>resi-</span> 
     </span>
     <span class='ocr_line' id='line_1_16' title="bbox 133 1829 1257 1926; baseline 0.001 -28"><span class='ocrx_word' id='word_1_126' title='bbox 133 1831 239 1898; x_wconf 89' lang='lat' dir='ltr'>stendi</span> <span class='ocrx_word' id='word_1_127' title='bbox 271 1839 574 1915; x_wconf 86' lang='lat' dir='ltr'>sacroquesanctum</span> <span class='ocrx_word' id='word_1_128' title='bbox 601 1829 777 1915; x_wconf 90' lang='lat' dir='ltr'>repellendi</span> <span class='ocrx_word' id='word_1_129' title='bbox 809 1829 862 1896; x_wconf 91' lang='lat' dir='ltr'>ius</span> <span class='ocrx_word' id='word_1_130' title='bbox 894 1852 961 1897; x_wconf 92' lang='lat' dir='ltr'>non</span> <span class='ocrx_word' id='word_1_131' title='bbox 993 1842 1104 1926; x_wconf 48' lang='lat' dir='ltr'>esset,</span> <span class='ocrx_word' id='word_1_132' title='bbox 1128 1833 1257 1899; x_wconf 83' lang='lat' dir='ltr'>virtutis</span> 
     </span>
     <span class='ocr_line' id='line_1_17' title="bbox 77 1931 1256 2031; baseline 0.004 -35"><span class='ocrx_word' id='word_1_133' title='bbox 77 2007 94 2031; x_wconf 33' lang='grc' dir='ltr'><em>Ι</em></span> <span class='ocrx_word' id='word_1_134' title='bbox 133 1953 210 1997; x_wconf 89' lang='lat' dir='ltr'>suae</span> <span class='ocrx_word' id='word_1_135' title='bbox 231 1954 329 2018; x_wconf 91' lang='lat' dir='ltr'>opera</span> <span class='ocrx_word' id='word_1_136' title='bbox 349 1942 382 1998; x_wconf 91' lang='lat' dir='ltr'>et</span> <span class='ocrx_word' id='word_1_137' title='bbox 401 1952 555 1998; x_wconf 88' lang='lat' dir='ltr'>censurae</span> <span class='ocrx_word' id='word_1_138' title='bbox 577 1931 750 2017; x_wconf 87' lang='lat' dir='ltr'>periturus,</span> <span class='ocrx_word' id='word_1_139' title='bbox 773 1953 871 2018; x_wconf 88' lang='lat' dir='ltr'>aegre</span> <span class='ocrx_word' id='word_1_140' title='bbox 892 1931 1021 1998; x_wconf 88' lang='lat' dir='ltr'>tribuno</span> <span class='ocrx_word' id='word_1_141' title='bbox 1043 1933 1099 2015; x_wconf 92' lang='lat' dir='ltr'>qui</span> <span class='ocrx_word' id='word_1_142' title='bbox 1116 1933 1256 2002; x_wconf 89' lang='lat' dir='ltr'>interce·</span> 
     </span>
     <span class='ocr_line' id='line_1_18' title="bbox 132 2031 1319 2120; baseline 0.001 -23"><span class='ocrx_word' id='word_1_143' title='bbox 132 2032 224 2099; x_wconf 89' lang='lat' dir='ltr'>deret</span> <span class='ocrx_word' id='word_1_144' title='bbox 253 2045 382 2120; x_wconf 90' lang='lat' dir='ltr'>reperto</span> <span class='ocrx_word' id='word_1_145' title='bbox 409 2055 430 2098; x_wconf 92' lang='lat' dir='ltr'>a</span> <span class='ocrx_word' id='word_1_146' title='bbox 449 2032 560 2098; x_wconf 91' lang='lat' dir='ltr'>limine</span> <span class='ocrx_word' id='word_1_147' title='bbox 580 2031 654 2118; x_wconf 89' lang='lat' dir='ltr'>ipso</span> <span class='ocrx_word' id='word_1_148' title='bbox 679 2033 791 2098; x_wconf 89' lang='lat' dir='ltr'>mortis</span> <span class='ocrx_word' id='word_1_149' title='bbox 811 2043 996 2110; x_wconf 82' lang='lat' dir='ltr'>revocatus3</span> <span class='ocrx_word' id='word_1_150' title='bbox 1025 2034 1129 2099; x_wconf 89' lang='lat' dir='ltr'>alieno</span> <span class='ocrx_word' id='word_1_151' title='bbox 1155 2033 1319 2102; x_wconf 72' lang='lat' dir='ltr'>bene-144</span> 
     </span>
     <span class='ocr_line' id='line_1_19' title="bbox 131 2132 1257 2220; baseline -0.001 -22"><span class='ocrx_word' id='word_1_152' title='bbox 131 2133 205 2200; x_wconf 86' lang='lat' dir='ltr'>ficio</span> <span class='ocrx_word' id='word_1_153' title='bbox 231 2143 343 2220; x_wconf 90' lang='lat' dir='ltr'>postea</span> <span class='ocrx_word' id='word_1_154' title='bbox 377 2133 460 2198; x_wconf 92' lang='lat' dir='ltr'>vixit</span> <span class='ocrx_word' id='word_1_155' title='bbox 491 2132 585 2197; x_wconf 90' lang='lat' dir='ltr'>bonis</span> <span class='ocrx_word' id='word_1_156' title='bbox 615 2132 691 2197; x_wconf 91' lang='lat' dir='ltr'>inde</span> <span class='ocrx_word' id='word_1_157' title='bbox 717 2132 813 2196; x_wconf 88' lang='lat' dir='ltr'>etiam</span> <span class='ocrx_word' id='word_1_158' title='bbox 841 2134 1036 2198; x_wconf 86' lang='lat' dir='ltr'>consecratis</span> <span class='ocrx_word' id='word_1_159' title='bbox 1063 2154 1084 2196; x_wconf 95' lang='lat' dir='ltr'>a</span> <span class='ocrx_word' id='word_1_160' title='bbox 1109 2134 1257 2197; x_wconf 76' lang='lat' dir='ltr'>demeto</span> 
     </span>
     <span class='ocr_line' id='line_1_20' title="bbox 134 2231 1256 2317; baseline 0 -19"><span class='ocrx_word' id='word_1_161' title='bbox 134 2255 208 2311; x_wconf 87' lang='lat' dir='ltr'>suc,</span> <span class='ocrx_word' id='word_1_162' title='bbox 238 2244 400 2317; x_wconf 81' lang='lat' dir='ltr'>tamquam</span> <span class='ocrx_word' id='word_1_163' title='bbox 427 2253 543 2317; x_wconf 89' lang='lat' dir='ltr'>parum</span> <span class='ocrx_word' id='word_1_164' title='bbox 572 2241 656 2296; x_wconf 89' lang='lat' dir='ltr'>esset</span> <span class='ocrx_word' id='word_1_165' title='bbox 681 2231 825 2296; x_wconf 87' lang='lat' dir='ltr'>faucium</span> <span class='ocrx_word' id='word_1_166' title='bbox 851 2241 937 2296; x_wconf 89' lang='lat' dir='ltr'>reste</span> <span class='ocrx_word' id='word_1_167' title='bbox 964 2231 1169 2309; x_wconf 85' lang='lat' dir='ltr'>intortamm,</span> <span class='ocrx_word' id='word_1_168' title='bbox 1199 2256 1256 2298; x_wconf 87' lang='lat' dir='ltr'>ex·</span> 
     </span>
     <span class='ocr_line' id='line_1_21' title="bbox 132 2329 1257 2420; baseline 0.002 -22"><span class='ocrx_word' id='word_1_169' title='bbox 132 2333 239 2420; x_wconf 87' lang='lat' dir='ltr'>pressi</span> <span class='ocrx_word' id='word_1_170' title='bbox 259 2355 318 2417; x_wconf 91' lang='lat' dir='ltr'>per</span> <span class='ocrx_word' id='word_1_171' title='bbox 339 2332 428 2398; x_wconf 89' lang='lat' dir='ltr'>auris</span> <span class='ocrx_word' id='word_1_172' title='bbox 450 2329 618 2417; x_wconf 89' lang='lat' dir='ltr'>sanguinis</span> <span class='ocrx_word' id='word_1_173' title='bbox 639 2354 779 2417; x_wconf 89' lang='lat' dir='ltr'>poenam</span> <span class='ocrx_word' id='word_1_174' title='bbox 805 2341 951 2409; x_wconf 78' lang='lat' dir='ltr'>exactam</span> <span class='ocrx_word' id='word_1_175' title='bbox 978 2355 1060 2399; x_wconf 86' lang='lat' dir='ltr'>esee.</span> <span class='ocrx_word' id='word_1_176' title='bbox 1095 2333 1257 2419; x_wconf 85' lang='lat' dir='ltr'>Equidem</span> 
     </span>
     <span class='ocr_line' id='line_1_22' title="bbox 133 2431 1256 2517; baseline 0.004 -17"><span class='ocrx_word' id='word_1_177' title='bbox 133 2445 166 2500; x_wconf 92' lang='lat' dir='ltr'>et</span> <span class='ocrx_word' id='word_1_178' title='bbox 178 2433 327 2500; x_wconf 79' lang='lat' dir='ltr'>Africani</span> <span class='ocrx_word' id='word_1_179' title='bbox 349 2433 512 2517; x_wconf 89' lang='lat' dir='ltr'>sequentis</span> <span class='ocrx_word' id='word_1_180' title='bbox 532 2431 698 2499; x_wconf 90' lang='lat' dir='ltr'>inimicum</span> <span class='ocrx_word' id='word_1_181' title='bbox 718 2433 820 2501; x_wconf 74' lang='lat' dir='ltr'>finisse</span> <span class='ocrx_word' id='word_1_182' title='bbox 840 2434 924 2499; x_wconf 91' lang='lat' dir='ltr'>inter</span> <span class='ocrx_word' id='word_1_183' title='bbox 940 2436 1137 2503; x_wconf 89' lang='lat' dir='ltr'>calamitates</span> <span class='ocrx_word' id='word_1_184' title='bbox 1152 2436 1256 2504; x_wconf 89' lang='lat' dir='ltr'>duxe-</span> 
     </span>
     <span class='ocr_line' id='line_1_23' title="bbox 133 2533 1256 2621; baseline 0.005 -21"><span class='ocrx_word' id='word_1_185' title='bbox 133 2535 205 2613; x_wconf 86' lang='lat' dir='ltr'>rim,</span> <span class='ocrx_word' id='word_1_186' title='bbox 219 2534 293 2621; x_wconf 90' lang='lat' dir='ltr'>ipso</span> <span class='ocrx_word' id='word_1_187' title='bbox 304 2544 385 2600; x_wconf 85' lang='lat' dir='ltr'>teste</span> <span class='ocrx_word' id='word_1_188' title='bbox 398 2533 622 2612; x_wconf 88' lang='lat' dir='ltr'>Macedonico,</span> <span class='ocrx_word' id='word_1_189' title='bbox 639 2534 799 2621; x_wconf 88' lang='lat' dir='ltr'>siquidem</span> <span class='ocrx_word' id='word_1_190' title='bbox 810 2535 908 2602; x_wconf 81' lang='lat' dir='ltr'>dixit:</span> <span class='ocrx_word' id='word_1_191' title='bbox 924 2537 999 2616; x_wconf 91' lang='lat' dir='ltr'>„ite</span> <span class='ocrx_word' id='word_1_192' title='bbox 1013 2538 1081 2618; x_wconf 91' lang='lat' dir='ltr'>filii,</span> <span class='ocrx_word' id='word_1_193' title='bbox 1097 2538 1256 2606; x_wconf 87' lang='lat' dir='ltr'>celebrate</span> 
     </span>
     <span class='ocr_line' id='line_1_24' title="bbox 133 2636 1256 2722; baseline 0.004 -19"><span class='ocrx_word' id='word_1_194' title='bbox 133 2637 316 2722; x_wconf 87' lang='lat' dir='ltr'>exsequias,</span> <span class='ocrx_word' id='word_1_195' title='bbox 345 2658 522 2721; x_wconf 90' lang='lat' dir='ltr'>numquam</span> <span class='ocrx_word' id='word_1_196' title='bbox 544 2636 626 2703; x_wconf 87' lang='lat' dir='ltr'>civis</span> <span class='ocrx_word' id='word_1_197' title='bbox 652 2637 783 2703; x_wconf 90' lang='lat' dir='ltr'>maioris</span> <span class='ocrx_word' id='word_1_198' title='bbox 803 2639 901 2704; x_wconf 84' lang='lat' dir='ltr'>funus</span> <span class='ocrx_word' id='word_1_199' title='bbox 930 2638 1118 2719; x_wconf 85' lang='lat' dir='ltr'>videbitis’&#39;;</span> <span class='ocrx_word' id='word_1_200' title='bbox 1142 2651 1175 2706; x_wconf 91' lang='lat' dir='ltr'>et</span> <span class='ocrx_word' id='word_1_201' title='bbox 1195 2641 1256 2707; x_wconf 92' lang='lat' dir='ltr'>hoo</span> 
     </span>
     <span class='ocr_line' id='line_1_25' title="bbox 134 2737 1256 2827; baseline 0.006 -26"><span class='ocrx_word' id='word_1_202' title='bbox 134 2737 261 2804; x_wconf 89' lang='lat' dir='ltr'>dicebat</span> <span class='ocrx_word' id='word_1_203' title='bbox 285 2738 350 2802; x_wconf 87' lang='lat' dir='ltr'>iam</span> <span class='ocrx_word' id='word_1_204' title='bbox 377 2737 558 2817; x_wconf 85' lang='lat' dir='ltr'>Baliaricis,</span> <span class='ocrx_word' id='word_1_205' title='bbox 586 2737 803 2816; x_wconf 85' lang='lat' dir='ltr'>Diadematis,</span> <span class='ocrx_word' id='word_1_206' title='bbox 829 2740 896 2805; x_wconf 91' lang='lat' dir='ltr'>iam</span> <span class='ocrx_word' id='word_1_207' title='bbox 916 2739 1149 2808; x_wconf 85' lang='lat' dir='ltr'>Macedonicus</span> <span class='ocrx_word' id='word_1_208' title='bbox 1174 2742 1256 2827; x_wconf 83' lang='lat' dir='ltr'>ipse.</span> 
     </span>
     <span class='ocr_line' id='line_1_26' title="bbox 134 2837 1318 2926; baseline 0.005 -22"><span class='ocrx_word' id='word_1_209' title='bbox 134 2837 259 2906; x_wconf 85' lang='lat' dir='ltr'>Verum</span> <span class='ocrx_word' id='word_1_210' title='bbox 279 2850 316 2906; x_wconf 92' lang='lat' dir='ltr'>ut</span> <span class='ocrx_word' id='word_1_211' title='bbox 335 2839 392 2908; x_wconf 85' lang='lat' dir='ltr'>illa</span> <span class='ocrx_word' id='word_1_212' title='bbox 413 2841 482 2908; x_wconf 87' lang='lat' dir='ltr'>sola</span> <span class='ocrx_word' id='word_1_213' title='bbox 501 2839 619 2908; x_wconf 88' lang='lat' dir='ltr'>iniuria</span> <span class='ocrx_word' id='word_1_214' title='bbox 641 2850 850 2920; x_wconf 85' lang='lat' dir='ltr'>aestumetur,</span> <span class='ocrx_word' id='word_1_215' title='bbox 878 2841 952 2926; x_wconf 91' lang='lat' dir='ltr'>quis</span> <span class='ocrx_word' id='word_1_216' title='bbox 977 2841 1064 2908; x_wconf 91' lang='lat' dir='ltr'>hunc</span> <span class='ocrx_word' id='word_1_217' title='bbox 1091 2842 1161 2908; x_wconf 90' lang='lat' dir='ltr'>iure</span> <span class='ocrx_word' id='word_1_218' title='bbox 1182 2842 1318 2911; x_wconf 76' lang='lat' dir='ltr'>leli-14⁵</span> 
     </span>
    </p>
   </div>
   <div class='ocr_carea' id='block_1_3' title="bbox 134 3043 1256 3318">
    <p class='ocr_par' dir='ltr' id='par_1_4' title="bbox 134 3043 1256 3318">
     <span class='ocr_line' id='line_1_27' title="bbox 134 3043 1256 3116; baseline 0.009 -24"><span class='ocrx_word' id='word_1_219' title='bbox 134 3043 190 3092; x_wconf 87' lang='lat' dir='ltr'>Liv.</span> <span class='ocrx_word' id='word_1_220' title='bbox 203 3045 262 3107; x_wconf 86' lang='lat' dir='ltr'>epit.</span> <span class='ocrx_word' id='word_1_221' title='bbox 277 3051 317 3095; x_wconf 85' lang='grc'>59.</span> <span class='ocrx_word' id='word_1_222' title='bbox 340 3046 481 3100; x_wconf 85' lang='lat' dir='ltr'>Confirmat</span> <span class='ocrx_word' id='word_1_223' title='bbox 492 3051 524 3101; x_wconf 85' lang='lat' dir='ltr'>R.</span> <span class='ocrx_word' id='word_1_224' title='bbox 550 3047 650 3112; x_wconf 77' lang='lat' dir='ltr'>Uatinio,</span> <span class='ocrx_word' id='word_1_225' title='bbox 662 3046 691 3111; x_wconf 81' lang='grc' dir='ltr'>β.</span> <span class='ocrx_word' id='word_1_226' title='bbox 717 3048 828 3114; x_wconf 77' lang='lat' dir='ltr'>Catilina,</span> <span class='ocrx_word' id='word_1_227' title='bbox 842 3053 866 3102; x_wconf 89' lang='lat' dir='ltr'>d.</span> <span class='ocrx_word' id='word_1_228' title='bbox 885 3091 917 3103; x_wconf 85' lang='lat'>..</span> <span class='ocrx_word' id='word_1_229' title='bbox 939 3051 1157 3114; x_wconf 79' lang='lat' dir='ltr'>Macerionia,&#39;1&#39;d.</span> <span class='ocrx_word' id='word_1_230' title='bbox 1176 3095 1208 3104; x_wconf 90' lang='grc'>..</span> <span class='ocrx_word' id='word_1_231' title='bbox 1226 3063 1256 3116; x_wconf 85' lang='lat' dir='ltr'>et,</span> 
     </span>
     <span class='ocr_line' id='line_1_28' title="bbox 136 3105 1256 3186; baseline 0.013 -29"><span class='ocrx_word' id='word_1_232' title='bbox 136 3124 186 3186; x_wconf 62' lang='lat' dir='ltr'>om.</span> <span class='ocrx_word' id='word_1_233' title='bbox 196 3105 225 3170; x_wconf 77' lang='grc' dir='ltr'>β.</span> <span class='ocrx_word' id='word_1_234' title='bbox 237 3152 269 3161; x_wconf 76' lang='grc'><strong>-</strong></span> <span class='ocrx_word' id='word_1_235' title='bbox 280 3113 492 3180; x_wconf 73' lang='lat' dir='ltr'>praecepitcretnr3</span> <span class='ocrx_word' id='word_1_236' title='bbox 505 3133 572 3182; x_wconf 88' lang='lat' dir='ltr'>pone</span> <span class='ocrx_word' id='word_1_237' title='bbox 584 3119 610 3166; x_wconf 91' lang='lat' dir='ltr'>h.</span> <span class='ocrx_word' id='word_1_238' title='bbox 621 3133 645 3167; x_wconf 85' lang='lat' dir='ltr'>v.</span> <span class='ocrx_word' id='word_1_239' title='bbox 658 3119 726 3168; x_wconf 87' lang='lat' dir='ltr'>Pint.</span> <span class='ocrx_word' id='word_1_240' title='bbox 737 3121 816 3169; x_wconf 78' lang='lat' dir='ltr'>verba</span> <span class='ocrx_word' id='word_1_241' title='bbox 827 3120 1081 3184; x_wconf 60' lang='lat' dir='ltr'>vetatis-periturae</span> <span class='ocrx_word' id='word_1_242' title='bbox 1093 3122 1211 3172; x_wconf 86' lang='lat' dir='ltr'>collocat.</span> <span class='ocrx_word' id='word_1_243' title='bbox 1224 3163 1256 3172; x_wconf 87' lang='lat'>-</span> 
     </span>
     <span class='ocr_line' id='line_1_29' title="bbox 136 3177 1256 3252; baseline 0.019 -30"><span class='ocrx_word' id='word_1_244' title='bbox 136 3177 259 3240; x_wconf 73' lang='lat' dir='ltr'>recalenti,</span> <span class='ocrx_word' id='word_1_245' title='bbox 271 3180 303 3229; x_wconf 87' lang='lat' dir='ltr'>R.</span> <span class='ocrx_word' id='word_1_246' title='bbox 322 3221 354 3231; x_wconf 90' lang='grc'>...</span> <span class='ocrx_word' id='word_1_247' title='bbox 372 3181 493 3248; x_wconf 76' lang='lat' dir='ltr'>colleqiam</span> <span class='ocrx_word' id='word_1_248' title='bbox 509 3182 643 3249; x_wconf 83' lang='lat' dir='ltr'>repellendi,</span> <span class='ocrx_word' id='word_1_249' title='bbox 659 3200 680 3234; x_wconf 89' lang='lat' dir='ltr'>r.</span> <span class='ocrx_word' id='word_1_250' title='bbox 699 3225 731 3234; x_wconf 89' lang='lat'>..</span> <span class='ocrx_word' id='word_1_251' title='bbox 746 3185 869 3249; x_wconf 73' lang='lat' dir='ltr'>pariaris,</span> <span class='ocrx_word' id='word_1_252' title='bbox 886 3189 911 3238; x_wconf 93' lang='lat' dir='ltr'>d.</span> <span class='ocrx_word' id='word_1_253' title='bbox 929 3228 961 3236; x_wconf 86' lang='lat'>..</span> <span class='ocrx_word' id='word_1_254' title='bbox 978 3185 1134 3252; x_wconf 62' lang='lat' dir='ltr'>intercideret,</span> <span class='ocrx_word' id='word_1_255' title='bbox 1151 3189 1205 3240; x_wconf 84' lang='lat' dir='ltr'>Rd.</span> <span class='ocrx_word' id='word_1_256' title='bbox 1224 3231 1256 3243; x_wconf 86' lang='grc'>..-</span> 
     </span>
     <span class='ocr_line' id='line_1_30' title="bbox 135 3247 994 3318; baseline 0.016 -26"><span class='ocrx_word' id='word_1_257' title='bbox 135 3252 235 3308; x_wconf 81' lang='lat' dir='ltr'>reperto,</span> <span class='ocrx_word' id='word_1_258' title='bbox 248 3247 280 3298; x_wconf 87' lang='lat' dir='ltr'>R.</span> <span class='ocrx_word' id='word_1_259' title='bbox 298 3249 393 3314; x_wconf 84' lang='lat' dir='ltr'>referto,</span> <span class='ocrx_word' id='word_1_260' title='bbox 406 3254 429 3302; x_wconf 91' lang='lat' dir='ltr'>d.</span> <span class='ocrx_word' id='word_1_261' title='bbox 448 3260 546 3317; x_wconf 84' lang='lat' dir='ltr'>recepto,</span> <span class='ocrx_word' id='word_1_262' title='bbox 559 3254 591 3304; x_wconf 89' lang='lat' dir='ltr'>K.</span> <span class='ocrx_word' id='word_1_263' title='bbox 610 3252 733 3318; x_wconf 75' lang='lat' dir='ltr'>referente,</span> <span class='ocrx_word' id='word_1_264' title='bbox 744 3269 757 3304; x_wconf 89' lang='lat' dir='ltr'>r</span> <span class='ocrx_word' id='word_1_265' title='bbox 768 3251 854 3317; x_wconf 86' lang='lat' dir='ltr'>(codd.</span> <span class='ocrx_word' id='word_1_266' title='bbox 865 3251 994 3318; x_wconf 85' lang='lat' dir='ltr'>Barbari.)</span> 
     </span>
    </p>
   </div>
   <div class='ocr_carea' id='block_1_4' title="bbox 133 3330 1257 4008">
    <p class='ocr_par' dir='ltr' id='par_1_5' title="bbox 133 3330 1257 3926">
     <span class='ocr_line' id='line_1_31' title="bbox 135 3330 1256 3405; baseline 0.013 -27"><span class='ocrx_word' id='word_1_267' title='bbox 135 3336 138 3341; x_wconf 85' lang='lat'>&#39;</span> <span class='ocrx_word' id='word_1_268' title='bbox 170 3330 259 3392; x_wconf 70' lang='lat' dir='ltr'>§lac</span> <span class='ocrx_word' id='word_1_269' title='bbox 282 3340 305 3382; x_wconf 85' lang='lat' dir='ltr'>et</span> <span class='ocrx_word' id='word_1_270' title='bbox 320 3333 382 3392; x_wconf 84' lang='lat' dir='ltr'>inde,</span> <span class='ocrx_word' id='word_1_271' title='bbox 397 3336 430 3386; x_wconf 86' lang='lat' dir='ltr'>R.</span> <span class='ocrx_word' id='word_1_272' title='bbox 448 3378 480 3388; x_wconf 86' lang='lat'>-</span> <span class='ocrx_word' id='word_1_273' title='bbox 504 3344 657 3401; x_wconf 72' lang='lat' dir='ltr'>contemtus,</span> <span class='ocrx_word' id='word_1_274' title='bbox 675 3340 699 3389; x_wconf 92' lang='lat' dir='ltr'>d.</span> <span class='ocrx_word' id='word_1_275' title='bbox 722 3379 754 3389; x_wconf 88' lang='lat'>..</span> <span class='ocrx_word' id='word_1_276' title='bbox 777 3336 898 3402; x_wconf 82' lang='lat' dir='ltr'>damnato,</span> <span class='ocrx_word' id='word_1_277' title='bbox 915 3332 1061 3393; x_wconf 76' lang='lat' dir='ltr'>ROTsdr.</span> <span class='ocrx_word' id='word_1_278' title='bbox 1088 3339 1210 3405; x_wconf 77' lang='lat' dir='ltr'>damnata,</span> <span class='ocrx_word' id='word_1_279' title='bbox 1224 3338 1256 3404; x_wconf 78' lang='grc' dir='ltr'>β.</span> 
     </span>
     <span class='ocr_line' id='line_1_32' title="bbox 135 3396 1256 3478; baseline 0.013 -34"><span class='ocrx_word' id='word_1_280' title='bbox 135 3396 274 3478; x_wconf 76' lang='lat' dir='ltr'>Ruhnken.</span> <span class='ocrx_word' id='word_1_281' title='bbox 284 3404 318 3450; x_wconf 89' lang='lat' dir='ltr'>ad</span> <span class='ocrx_word' id='word_1_282' title='bbox 326 3404 394 3454; x_wconf 88' lang='lat' dir='ltr'>Vell.</span> <span class='ocrx_word' id='word_1_283' title='bbox 407 3410 428 3464; x_wconf 89' lang='lat'>1,</span> <span class='ocrx_word' id='word_1_284' title='bbox 441 3411 480 3456; x_wconf 94' lang='lat' dir='ltr'>ll.</span> <span class='ocrx_word' id='word_1_285' title='bbox 490 3408 568 3456; x_wconf 79' lang='lat' dir='ltr'>verba</span> <span class='ocrx_word' id='word_1_286' title='bbox 577 3422 594 3454; x_wconf 83' lang='lat' dir='ltr'>o</span> <span class='ocrx_word' id='word_1_287' title='bbox 603 3404 683 3455; x_wconf 84' lang='lat' dir='ltr'>damn.</span> <span class='ocrx_word' id='word_1_288' title='bbox 692 3422 735 3454; x_wconf 83' lang='lat' dir='ltr'>sao</span> <span class='ocrx_word' id='word_1_289' title='bbox 744 3417 864 3472; x_wconf 89' lang='lat' dir='ltr'>corrupta</span> <span class='ocrx_word' id='word_1_290' title='bbox 872 3417 939 3458; x_wconf 89' lang='lat' dir='ltr'>recte</span> <span class='ocrx_word' id='word_1_291' title='bbox 952 3410 1019 3471; x_wconf 91' lang='lat' dir='ltr'>dicit,</span> <span class='ocrx_word' id='word_1_292' title='bbox 1032 3425 1084 3459; x_wconf 92' lang='lat' dir='ltr'>non</span> <span class='ocrx_word' id='word_1_293' title='bbox 1094 3413 1256 3475; x_wconf 84' lang='lat' dir='ltr'>acquiescens</span> 
     </span>
     <span class='ocr_line' id='line_1_33' title="bbox 136 3469 1256 3540; baseline 0.014 -30"><span class='ocrx_word' id='word_1_294' title='bbox 136 3477 197 3526; x_wconf 87' lang='lat' dir='ltr'>ergo</span> <span class='ocrx_word' id='word_1_295' title='bbox 210 3481 237 3512; x_wconf 91' lang='grc' dir='ltr'>ιιι</span> <span class='ocrx_word' id='word_1_296' title='bbox 248 3469 326 3518; x_wconf 90' lang='lat' dir='ltr'>Hard.</span> <span class='ocrx_word' id='word_1_297' title='bbox 338 3471 515 3533; x_wconf 87' lang='lat' dir='ltr'>explicatione.</span> <span class='ocrx_word' id='word_1_298' title='bbox 534 3513 565 3524; x_wconf 80' lang='lat'>..</span> <span class='ocrx_word' id='word_1_299' title='bbox 584 3489 728 3537; x_wconf 79' lang='lat' dir='ltr'>quamquam</span> <span class='ocrx_word' id='word_1_300' title='bbox 735 3491 825 3538; x_wconf 85' lang='lat' dir='ltr'>param</span> <span class='ocrx_word' id='word_1_301' title='bbox 837 3476 933 3538; x_wconf 69' lang='lat' dir='ltr'>chatet,</span> <span class='ocrx_word' id='word_1_302' title='bbox 945 3477 1011 3528; x_wconf 86' lang='lat' dir='ltr'>Titz.</span> <span class='ocrx_word' id='word_1_303' title='bbox 1030 3518 1062 3527; x_wconf 86' lang='lat'><em>-</em></span> <span class='ocrx_word' id='word_1_304' title='bbox 1086 3486 1154 3540; x_wconf 83' lang='lat' dir='ltr'>reste,</span> <span class='ocrx_word' id='word_1_305' title='bbox 1166 3479 1256 3528; x_wconf 85' lang='lat' dir='ltr'>Ruhn·</span> 
     </span>
     <span class='ocr_line' id='line_1_34' title="bbox 136 3528 1256 3607; baseline 0.013 -32"><span class='ocrx_word' id='word_1_306' title='bbox 136 3528 196 3607; x_wconf 80' lang='lat' dir='ltr'>ken.</span> <span class='ocrx_word' id='word_1_307' title='bbox 218 3539 286 3590; x_wconf 85' lang='lat' dir='ltr'>recte,</span> <span class='ocrx_word' id='word_1_308' title='bbox 303 3535 378 3596; x_wconf 86' lang='lat' dir='ltr'>Pigh.</span> <span class='ocrx_word' id='word_1_309' title='bbox 407 3546 476 3599; x_wconf 85' lang='lat' dir='ltr'>certe,</span> <span class='ocrx_word' id='word_1_310' title='bbox 492 3536 592 3604; x_wconf 69' lang='lat' dir='ltr'>Rdssy.</span> <span class='ocrx_word' id='word_1_311' title='bbox 616 3581 649 3591; x_wconf 82' lang='grc'><strong>-</strong></span> <span class='ocrx_word' id='word_1_312' title='bbox 670 3542 782 3605; x_wconf 69' lang='lat' dir='ltr'>expressi,</span> <span class='ocrx_word' id='word_1_313' title='bbox 798 3543 851 3592; x_wconf 84' lang='lat' dir='ltr'>Rd.</span> <span class='ocrx_word' id='word_1_314' title='bbox 879 3543 1035 3606; x_wconf 65' lang='lat' dir='ltr'>annosaque,</span> <span class='ocrx_word' id='word_1_315' title='bbox 1051 3539 1101 3606; x_wconf 77' lang='grc' dir='ltr'>βγ.</span> <span class='ocrx_word' id='word_1_316' title='bbox 1123 3585 1155 3593; x_wconf 81' lang='lat'>-</span> <span class='ocrx_word' id='word_1_317' title='bbox 1178 3559 1256 3601; x_wconf 83' lang='lat' dir='ltr'>norea,</span> 
     </span>
     <span class='ocr_line' id='line_1_35' title="bbox 136 3595 1256 3674; baseline 0.014 -33"><span class='ocrx_word' id='word_1_318' title='bbox 136 3595 214 3657; x_wconf 81' lang='lat' dir='ltr'>Plgh.</span> <span class='ocrx_word' id='word_1_319' title='bbox 241 3612 311 3644; x_wconf 81' lang='lat' dir='ltr'>aurea</span> <span class='ocrx_word' id='word_1_320' title='bbox 323 3606 345 3644; x_wconf 87' lang='lat' dir='ltr'>et</span> <span class='ocrx_word' id='word_1_321' title='bbox 356 3616 434 3661; x_wconf 75' lang='lat' dir='ltr'>nares,</span> <span class='ocrx_word' id='word_1_322' title='bbox 445 3606 583 3656; x_wconf 83' lang='lat' dir='ltr'>Ruhnken.</span> <span class='ocrx_word' id='word_1_323' title='bbox 602 3647 635 3657; x_wconf 87' lang='lat'>..</span> <span class='ocrx_word' id='word_1_324' title='bbox 648 3624 729 3671; x_wconf 85' lang='lat' dir='ltr'>poena</span> <span class='ocrx_word' id='word_1_325' title='bbox 744 3617 830 3658; x_wconf 78' lang='lat' dir='ltr'>eructa</span> <span class='ocrx_word' id='word_1_326' title='bbox 845 3617 887 3672; x_wconf 81' lang='lat' dir='ltr'>est,</span> <span class='ocrx_word' id='word_1_327' title='bbox 903 3603 931 3659; x_wconf 83' lang='grc' dir='ltr'>θ.</span> <span class='ocrx_word' id='word_1_328' title='bbox 954 3625 1034 3674; x_wconf 86' lang='lat' dir='ltr'>poena</span> <span class='ocrx_word' id='word_1_329' title='bbox 1049 3618 1135 3657; x_wconf 79' lang='lat' dir='ltr'>eructa</span> <span class='ocrx_word' id='word_1_330' title='bbox 1146 3616 1212 3669; x_wconf 77' lang='lat' dir='ltr'>earet,</span> <span class='ocrx_word' id='word_1_331' title='bbox 1225 3610 1256 3659; x_wconf 85' lang='grc' dir='ltr'>Τ.</span> 
     </span>
     <span class='ocr_line' id='line_1_36' title="bbox 133 3669 1257 3742; baseline 0.017 -35"><span class='ocrx_word' id='word_1_332' title='bbox 133 3676 227 3742; x_wconf 66' lang='lat' dir='ltr'>poenae</span> <span class='ocrx_word' id='word_1_333' title='bbox 239 3669 325 3742; x_wconf 67' lang='lat' dir='ltr'>erecta</span> <span class='ocrx_word' id='word_1_334' title='bbox 336 3673 402 3727; x_wconf 72' lang='lat' dir='ltr'>aare,</span> <span class='ocrx_word' id='word_1_335' title='bbox 413 3669 468 3717; x_wconf 83' lang='lat' dir='ltr'>Rd.</span> <span class='ocrx_word' id='word_1_336' title='bbox 485 3670 606 3722; x_wconf 84' lang='lat' dir='ltr'>Veterem</span> <span class='ocrx_word' id='word_1_337' title='bbox 616 3675 753 3724; x_wconf 87' lang='lat' dir='ltr'>lectionem</span> <span class='ocrx_word' id='word_1_338' title='bbox 768 3670 790 3735; x_wconf 77' lang='grc' dir='ltr'><em>β</em></span> <span class='ocrx_word' id='word_1_339' title='bbox 804 3684 872 3725; x_wconf 89' lang='lat' dir='ltr'>recte</span> <span class='ocrx_word' id='word_1_340' title='bbox 888 3677 1062 3739; x_wconf 85' lang='lat' dir='ltr'>praetulerunt</span> <span class='ocrx_word' id='word_1_341' title='bbox 1077 3677 1214 3725; x_wconf 84' lang='lat' dir='ltr'>Ruhnken.</span> <span class='ocrx_word' id='word_1_342' title='bbox 1231 3684 1257 3726; x_wconf 87' lang='lat' dir='ltr'>et</span> 
     </span>
     <span class='ocr_line' id='line_1_37' title="bbox 136 3729 1256 3809; baseline 0.016 -31"><span class='ocrx_word' id='word_1_343' title='bbox 136 3730 219 3779; x_wconf 87' lang='lat' dir='ltr'>Berer.</span> <span class='ocrx_word' id='word_1_344' title='bbox 233 3731 266 3779; x_wconf 89' lang='lat' dir='ltr'>ad</span> <span class='ocrx_word' id='word_1_345' title='bbox 278 3729 331 3808; x_wconf 64' lang='lat' dir='ltr'>she.</span> <span class='ocrx_word' id='word_1_346' title='bbox 340 3731 395 3809; x_wconf 34' lang='lat' dir='ltr'>&#39;oft</span> <span class='ocrx_word' id='word_1_347' title='bbox 411 3738 433 3794; x_wconf 90' lang='lat' dir='ltr'>l,</span> <span class='ocrx_word' id='word_1_348' title='bbox 446 3740 487 3784; x_wconf 81' lang='lat' dir='ltr'>at.</span> <span class='ocrx_word' id='word_1_349' title='bbox 498 3750 524 3799; x_wconf 94' lang='lat' dir='ltr'>p.</span> <span class='ocrx_word' id='word_1_350' title='bbox 538 3742 594 3788; x_wconf 78' lang='lat' dir='ltr'>les.</span> <span class='ocrx_word' id='word_1_351' title='bbox 612 3779 643 3788; x_wconf 92' lang='lat'>..</span> <span class='ocrx_word' id='word_1_352' title='bbox 666 3739 783 3804; x_wconf 70' lang='lat' dir='ltr'>Africani</span> <span class='ocrx_word' id='word_1_353' title='bbox 796 3741 920 3802; x_wconf 67' lang='lat' dir='ltr'>sequanae,</span> <span class='ocrx_word' id='word_1_354' title='bbox 936 3744 968 3791; x_wconf 88' lang='lat' dir='ltr'>R.</span> <span class='ocrx_word' id='word_1_355' title='bbox 990 3740 1116 3802; x_wconf 83' lang='lat' dir='ltr'>Africanis</span> <span class='ocrx_word' id='word_1_356' title='bbox 1127 3741 1219 3805; x_wconf 68' lang='lat' dir='ltr'>equine,</span> <span class='ocrx_word' id='word_1_357' title='bbox 1231 3746 1256 3796; x_wconf 89' lang='lat' dir='ltr'>d.</span> 
     </span>
     <span class='ocr_line' id='line_1_38' title="bbox 136 3795 1256 3926; baseline 0.016 -82"><span class='ocrx_word' id='word_1_358' title='bbox 136 3796 195 3926; x_wconf 54' lang='grc' dir='ltr'>ἵν.</span> <span class='ocrx_word' id='word_1_359' title='bbox 211 3795 351 3861; x_wconf 79' lang='lat' dir='ltr'>Aemeltcna,</span> <span class='ocrx_word' id='word_1_360' title='bbox 368 3815 388 3850; x_wconf 90' lang='lat' dir='ltr'>r.</span> <span class='ocrx_word' id='word_1_361' title='bbox 410 3799 468 3863; x_wconf 83' lang='lat' dir='ltr'>Asr.</span> <span class='ocrx_word' id='word_1_362' title='bbox 483 3800 589 3864; x_wconf 73' lang='lat' dir='ltr'>secandi,</span> <span class='ocrx_word' id='word_1_363' title='bbox 604 3805 685 3855; x_wconf 88' lang='lat' dir='ltr'>Beier.</span> <span class='ocrx_word' id='word_1_364' title='bbox 703 3847 736 3858; x_wconf 86' lang='lat'>..</span> <span class='ocrx_word' id='word_1_365' title='bbox 754 3805 877 3868; x_wconf 80' lang='lat' dir='ltr'>siqnidem,</span> <span class='ocrx_word' id='word_1_366' title='bbox 893 3807 1017 3858; x_wconf 80' lang='lat' dir='ltr'>RSTdr.</span> <span class='ocrx_word' id='word_1_367' title='bbox 1039 3807 1153 3871; x_wconf 75' lang='lat' dir='ltr'>siquidem</span> <span class='ocrx_word' id='word_1_368' title='bbox 1170 3809 1256 3873; x_wconf 68' lang='grc' dir='ltr'>ῑῶενιζι,</span> 
     </span>
    </p>

    <p class='ocr_par' dir='ltr' id='par_1_6' title="bbox 137 3864 1256 4008">
     <span class='ocr_line' id='line_1_39' title="bbox 162 3864 1256 3944; baseline 0.016 -30"><span class='ocrx_word' id='word_1_369' title='bbox 162 3880 187 3929; x_wconf 73' lang='grc' dir='ltr'>γ.</span> <span class='ocrx_word' id='word_1_370' title='bbox 210 3906 243 3916; x_wconf 84' lang='grc'><strong>-</strong></span> <span class='ocrx_word' id='word_1_371' title='bbox 265 3864 410 3931; x_wconf 61' lang='lat' dir='ltr'>Baliarica,</span> <span class='ocrx_word' id='word_1_372' title='bbox 426 3870 458 3920; x_wconf 88' lang='lat' dir='ltr'>R.</span> <span class='ocrx_word' id='word_1_373' title='bbox 484 3867 631 3932; x_wconf 69' lang='lat' dir='ltr'>Balearica,</span> <span class='ocrx_word' id='word_1_374' title='bbox 646 3867 719 3936; x_wconf 75' lang='grc' dir='ltr'>ᾶβγ.</span> <span class='ocrx_word' id='word_1_375' title='bbox 745 3874 814 3923; x_wconf 88' lang='lat' dir='ltr'>Huic</span> <span class='ocrx_word' id='word_1_376' title='bbox 828 3874 885 3922; x_wconf 82' lang='lat' dir='ltr'>voci</span> <span class='ocrx_word' id='word_1_377' title='bbox 902 3875 974 3924; x_wconf 90' lang='lat' dir='ltr'>addit</span> <span class='ocrx_word' id='word_1_378' title='bbox 988 3882 1011 3923; x_wconf 88' lang='lat' dir='ltr'>et</span> <span class='ocrx_word' id='word_1_379' title='bbox 1030 3871 1126 3926; x_wconf 67' lang='lat' dir='ltr'>(irenen</span> <span class='ocrx_word' id='word_1_380' title='bbox 1140 3874 1170 3941; x_wconf 81' lang='grc' dir='ltr'>β,</span> <span class='ocrx_word' id='word_1_381' title='bbox 1187 3883 1256 3944; x_wconf 84' lang='lat' dir='ltr'>qnod</span> 
     </span>
     <span class='ocr_line' id='line_1_40' title="bbox 137 3933 1255 4008; baseline 0.017 -27"><span class='ocrx_word' id='word_1_382' title='bbox 137 3940 204 3983; x_wconf 86' lang='lat' dir='ltr'>recte</span> <span class='ocrx_word' id='word_1_383' title='bbox 216 3935 403 3986; x_wconf 57' lang='lat' dir='ltr'>omitteret</span> <span class='ocrx_word' id='word_1_384' title='bbox 412 3933 474 4000; x_wconf 87' lang='lat' dir='ltr'>(tres</span> <span class='ocrx_word' id='word_1_385' title='bbox 484 3938 557 3989; x_wconf 88' lang='lat' dir='ltr'>codd.</span> <span class='ocrx_word' id='word_1_386' title='bbox 566 3939 673 3990; x_wconf 86' lang='lat' dir='ltr'>Medicei</span> <span class='ocrx_word' id='word_1_387' title='bbox 682 3954 722 4002; x_wconf 86' lang='lat' dir='ltr'>ap.</span> <span class='ocrx_word' id='word_1_388' title='bbox 731 3939 817 3990; x_wconf 82' lang='lat' dir='ltr'>Neris.</span> <span class='ocrx_word' id='word_1_389' title='bbox 827 3948 908 3991; x_wconf 91' lang='lat' dir='ltr'>cenot.</span> <span class='ocrx_word' id='word_1_390' title='bbox 917 3941 970 3992; x_wconf 89' lang='lat' dir='ltr'>Pis.</span> <span class='ocrx_word' id='word_1_391' title='bbox 978 3958 1004 4007; x_wconf 90' lang='lat' dir='ltr'>p.</span> <span class='ocrx_word' id='word_1_392' title='bbox 1015 3941 1068 4008; x_wconf 73' lang='lat'>65.)</span> <span class='ocrx_word' id='word_1_393' title='bbox 1080 3946 1139 3998; x_wconf 85' lang='lat' dir='ltr'>Vid.</span> <span class='ocrx_word' id='word_1_394' title='bbox 1149 3946 1255 4000; x_wconf 84' lang='lat' dir='ltr'>Corrad.</span> 
     </span>
    </p>
   </div>
   <div class='ocr_carea' id='block_1_5' title="bbox 48 4001 1256 4079">
    <p class='ocr_par' dir='ltr' id='par_1_7' title="bbox 48 4001 1256 4079">
     <span class='ocr_line' id='line_1_41' title="bbox 48 4001 1256 4079; baseline 0.024 -41"><span class='ocrx_word' id='word_1_395' title='bbox 48 4056 51 4061; x_wconf 32' lang='grc' dir='ltr'>Ι</span> <span class='ocrx_word' id='word_1_396' title='bbox 138 4001 493 4071; x_wconf 64' lang='lat' dir='ltr'>adoic‚13rut‚p.154‚aq.</span> <span class='ocrx_word' id='word_1_397' title='bbox 517 4048 548 4057; x_wconf 73' lang='grc'><strong>-</strong></span> <span class='ocrx_word' id='word_1_398' title='bbox 569 4003 796 4069; x_wconf 60' lang='lat' dir='ltr'>moderantiam.</span> <span class='ocrx_word' id='word_1_399' title='bbox 820 4007 1013 4073; x_wconf 69' lang='lat' dir='ltr'>etDahdemant,</span> <span class='ocrx_word' id='word_1_400' title='bbox 1029 4007 1080 4077; x_wconf 72' lang='grc' dir='ltr'>βγ.</span> <span class='ocrx_word' id='word_1_401' title='bbox 1102 4012 1256 4079; x_wconf 57' lang='lat' dir='ltr'>Dalmatica,</span> 
     </span>
    </p>
   </div>
   <div class='ocr_carea' id='block_1_6' title="bbox 138 4066 1256 4212">
    <p class='ocr_par' dir='ltr' id='par_1_8' title="bbox 138 4066 1256 4212">
     <span class='ocr_line' id='line_1_42' title="bbox 138 4066 1256 4148; baseline 0.021 -33"><span class='ocrx_word' id='word_1_402' title='bbox 138 4066 257 4119; x_wconf 87' lang='lat' dir='ltr'>Beroald.</span> <span class='ocrx_word' id='word_1_403' title='bbox 275 4071 309 4120; x_wconf 90' lang='lat' dir='ltr'>K.</span> <span class='ocrx_word' id='word_1_404' title='bbox 331 4071 446 4124; x_wconf 91' lang='lat' dir='ltr'>Probant</span> <span class='ocrx_word' id='word_1_405' title='bbox 463 4076 566 4127; x_wconf 84' lang='lat' dir='ltr'>Gesner.</span> <span class='ocrx_word' id='word_1_406' title='bbox 583 4075 717 4125; x_wconf 88' lang='lat' dir='ltr'>chrestom.</span> <span class='ocrx_word' id='word_1_407' title='bbox 735 4091 761 4139; x_wconf 92' lang='lat' dir='ltr'>p.</span> <span class='ocrx_word' id='word_1_408' title='bbox 778 4070 835 4127; x_wconf 81' lang='lat' dir='ltr'>air.</span> <span class='ocrx_word' id='word_1_409' title='bbox 851 4085 876 4128; x_wconf 88' lang='lat' dir='ltr'>et</span> <span class='ocrx_word' id='word_1_410' title='bbox 887 4078 952 4128; x_wconf 86' lang='lat' dir='ltr'>Titz.</span> <span class='ocrx_word' id='word_1_411' title='bbox 970 4079 1009 4131; x_wconf 85' lang='lat' dir='ltr'>At</span> <span class='ocrx_word' id='word_1_412' title='bbox 1019 4095 1043 4131; x_wconf 82' lang='lat' dir='ltr'>v.</span> <span class='ocrx_word' id='word_1_413' title='bbox 1055 4082 1135 4148; x_wconf 92' lang='lat' dir='ltr'>intpp.</span> <span class='ocrx_word' id='word_1_414' title='bbox 1148 4087 1179 4135; x_wconf 92' lang='lat' dir='ltr'>ad</span> <span class='ocrx_word' id='word_1_415' title='bbox 1191 4085 1217 4134; x_wconf 90' lang='lat' dir='ltr'>h.</span> <span class='ocrx_word' id='word_1_416' title='bbox 1230 4086 1256 4147; x_wconf 91' lang='lat'>1.‚</span> 
     </span>
     <span class='ocr_line' id='line_1_43' title="bbox 139 4135 1131 4212; baseline 0.017 -28"><span class='ocrx_word' id='word_1_417' title='bbox 139 4135 247 4186; x_wconf 83' lang='lat' dir='ltr'>Ernesti.</span> <span class='ocrx_word' id='word_1_418' title='bbox 260 4136 300 4188; x_wconf 82' lang='lat' dir='ltr'>Ol.</span> <span class='ocrx_word' id='word_1_419' title='bbox 314 4137 393 4190; x_wconf 80' lang='lat' dir='ltr'>Cicer.</span> <span class='ocrx_word' id='word_1_420' title='bbox 406 4157 432 4206; x_wconf 94' lang='lat' dir='ltr'>p.</span> <span class='ocrx_word' id='word_1_421' title='bbox 446 4149 504 4195; x_wconf 80' lang='lat'>210.</span> <span class='ocrx_word' id='word_1_422' title='bbox 517 4151 541 4194; x_wconf 88' lang='lat' dir='ltr'>et</span> <span class='ocrx_word' id='word_1_423' title='bbox 552 4143 665 4194; x_wconf 82' lang='lat' dir='ltr'>Ellendt.</span> <span class='ocrx_word' id='word_1_424' title='bbox 679 4145 711 4193; x_wconf 90' lang='lat' dir='ltr'>ad</span> <span class='ocrx_word' id='word_1_425' title='bbox 723 4143 777 4195; x_wconf 84' lang='lat' dir='ltr'>Cic.</span> <span class='ocrx_word' id='word_1_426' title='bbox 788 4144 861 4196; x_wconf 88' lang='lat' dir='ltr'>Brut.</span> <span class='ocrx_word' id='word_1_427' title='bbox 874 4161 898 4212; x_wconf 91' lang='lat' dir='ltr'>p.</span> <span class='ocrx_word' id='word_1_428' title='bbox 911 4146 996 4200; x_wconf 84' lang='lat' dir='ltr'>LVII.</span> <span class='ocrx_word' id='word_1_429' title='bbox 1009 4149 1049 4199; x_wconf 87' lang='lat' dir='ltr'>ed.</span> <span class='ocrx_word' id='word_1_430' title='bbox 1064 4156 1086 4200; x_wconf 92' lang='lat'>1.</span> <span class='ocrx_word' id='word_1_431' title='bbox 1125 4177 1131 4191; x_wconf 88' lang='lat'><strong>·</strong></span> 
     </span>
    </p>
   </div>
   <div class='ocr_carea' id='block_1_7' title="bbox 173 4219 455 4284">
    <p class='ocr_par' dir='ltr' id='par_1_9' title="bbox 173 4219 455 4284">
     <span class='ocr_line' id='line_1_44' title="bbox 173 4219 455 4284; baseline 0.018 -15"><span class='ocrx_word' id='word_1_432' title='bbox 173 4219 188 4284; x_wconf 64' lang='grc' dir='ltr'>ἓ</span> <span class='ocrx_word' id='word_1_433' title='bbox 202 4224 258 4271; x_wconf 80' lang='grc'>145.</span> <span class='ocrx_word' id='word_1_434' title='bbox 281 4219 339 4284; x_wconf 80' lang='lat' dir='ltr'>inre,</span> <span class='ocrx_word' id='word_1_435' title='bbox 353 4239 404 4276; x_wconf 90' lang='lat' dir='ltr'>om.</span> <span class='ocrx_word' id='word_1_436' title='bbox 417 4227 455 4278; x_wconf 70' lang='lat' dir='ltr'>dl.</span> 
     </span>
    </p>
   </div>
   <div class='ocr_carea' id='block_1_8' title="bbox 0 0 1465 4800">
    <p class='ocr_par' dir='ltr' id='par_1_10' title="bbox 0 0 1465 4800">
     <span class='ocr_line' id='line_1_45' title="bbox 0 0 1465 4800; baseline 0 0"><span class='ocrx_word' id='word_1_437' title='bbox 0 0 1465 4800; x_wconf 95' lang='lat' dir='ltr'> </span> 
     </span>
    </p>
   </div>
  </div>
 </body>
</html>
