2896 4800
120 254 124 261 '
202 259 262 323 176
550 269 754 321 uarunaurs
776 269 971 321 merome

200 426 354 493 iudicium
375 421 532 511 agebatur
552 422 754 512 magnificam
776 423 855 489 alias
876 443 1000 503 cenam,
1029 444 1072 488 ns
1100 422 1169 489 dies
1190 421 1323 510 periret,

201 528 260 596 sed
287 526 478 593 cotidianam
504 524 650 591 Antonio
677 525 827 613 adposuit
859 523 1012 591 inridenti
1045 526 1324 613 conputationem-

200 651 264 715 que
284 626 511 714 expostulanti.
539 627 587 692 At
608 627 664 692 illa
686 625 888 695 corollarium
909 626 945 691 id
965 648 1038 694 esse
1059 636 1093 693 et
1113 638 1325 714 consumptu-

199 751 269 796 ram
291 751 361 796 eam
383 748 496 794 cenam
517 728 712 794 taxationem
733 727 924 794 confirmans
944 728 1110 813 solamque
1130 749 1165 794 se
1179 729 1325 797 centiens

199 829 271 898 HS.
294 839 478 896 cenaturum
503 829 614 895 inferri
639 850 785 895 mensam
812 828 986 895 secundam
1012 828 1114 894 iussit.
1150 826 1206 892 Ex
1226 849 1324 916 prae·

199 942 294 1020 cepto
314 930 452 996 ministri
473 953 573 996 unum
595 940 720 996 tantum
739 952 797 997 vas
819 941 894 996 ante
916 951 986 995 eam
1007 951 1145 1016 posuere
1166 931 1251 995 aceti
1265 953 1324 997 cu-

199 1033 251 1098 ius
272 1033 427 1118 asperitas
449 1031 562 1117 visque
588 1031 622 1097 in
650 1030 757 1098 tabem
783 1032 972 1120 margaritas
998 1030 1142 1097 resolvit.
1179 1029 1325 1099 Gerebat
1338 1050 1382 1097 rar

192 1134 330 1201 auribus
352 1156 426 1200 cum
447 1154 598 1198 maxume
620 1131 783 1220 singulare
804 1131 886 1200 illud
907 1143 940 1201 et
954 1154 1031 1199 vere
1044 1132 1176 1199 unicum
1189 1143 1324 1202 naturae

199 1257 298 1323 opus3
321 1235 431 1320 itaque
453 1244 662 1321 exspectante
684 1234 828 1300 Antonio
849 1234 1003 1319 quidnam
1025 1244 1111 1301 esset
1130 1245 1244 1301 actura
1264 1236 1323 1302 de·

200 1347 336 1402 tractum
356 1336 494 1402 alterum
514 1337 627 1402 mersit
647 1358 686 1402 ac
705 1335 914 1421 liquefactum
935 1335 1110 1403 obsorbuit.
1138 1335 1254 1403 Iniecit
1272 1336 1322 1402 al-

200 1438 260 1504 teri
281 1459 410 1503 manum
430 1436 474 1502 L.
495 1436 635 1504 Plancus
656 1436 756 1503 iudex
777 1438 958 1523 sponsionis
985 1438 1064 1518 eius,
1094 1459 1169 1503 eum
1195 1459 1324 1524 quoquc

200 1539 327 1626 paranti
350 1538 446 1604 simili
460 1537 557 1605 modo
571 1537 750 1616 absumere,
772 1539 957 1624 victumque
978 1538 1158 1605 Antonium
1178 1561 1321 1625 pronun·

201 1640 293 1707 tiavit
313 1640 419 1707 omine
440 1650 521 1705 rato.
550 1638 732 1704 Comitatur
752 1639 837 1704 fama
856 1639 985 1705 unionis
1007 1639 1076 1706 eius
1095 1661 1207 1727 parem
1227 1650 1322 1726 capta

199 1741 255 1808 illa
276 1751 384 1808 tantae
405 1740 601 1826 quaestionis
622 1740 756 1807 victrice
776 1741 889 1828 regina
911 1741 1096 1821 dissectum,
1125 1750 1164 1806 ut
1184 1750 1267 1806 esset
1286 1740 1322 1804 in

200 1843 347 1928 utrisque
372 1841 511 1909 Veneris
542 1840 675 1908 auribus
701 1840 825 1908 Romae
855 1842 891 1908 in
923 1841 1070 1908 Pantheo
1102 1840 1233 1909 dimidia
1264 1862 1320 1907 eo-

200 1967 274 2010 rum
295 1966 383 2011 cena.

244 2045 297 2111 59.
317 2043 393 2110 Non
415 2045 521 2111 ferent
541 2045 625 2113 hanc
645 2044 785 2132 palmam
801 2045 1093 2131 ‘spoliabunturque
1114 2046 1210 2112 etiam
1225 2046 1322 2111 luxu·
1337 2059 1386 2106 122

201 2147 269 2213 riae
295 2146 408 2236 gloria.
444 2145 540 2212 Prior
567 2146 603 2212 id
629 2147 752 2213 fecerat
777 2145 900 2212 Romae
925 2147 961 2212 in
988 2146 1160 2214 unionibus
1185 2167 1323 2232 magnae

203 2249 375 2314 taxationis
404 2245 538 2315 Clodius
566 2249 712 2336 tragoedi
737 2247 863 2335 Aesopi
887 2248 973 2315 filius
999 2249 1131 2316 relictus
1154 2247 1196 2316 ab
1224 2270 1262 2314 eo
1288 2248 1324 2313 in

202 2350 318 2437 amplis
340 2349 457 2436 opibus
478 2349 583 2429 heres,
605 2371 647 2415 ne
668 2349 870 2416 triumviratu
891 2371 951 2417 suo
963 2349 1059 2416 nimis
1073 2348 1239 2436 superbiat
1250 2349 1323 2416 An·

203 2452 309 2518 tonius
330 2471 434 2536 paene
455 2450 603 2514 histrioni
624 2459 814 2536 conparatus
839 2450 1025 2536 etquidem
1044 2451 1134 2515 nulla
1154 2451 1324 2538 sponsione

203 2551 246 2618 ad
265 2551 327 2616 boc
347 2551 516 2637 producto,
538 2571 603 2635 quo
624 2550 729 2636 magis
749 2550 876 2638 regium
895 2551 963 2632 liat,
986 2552 1046 2619 sed
1064 2563 1102 2618 ut
1123 2552 1324 2641 experiretur

202 2653 237 2717 in
259 2650 361 2738 gloria
381 2649 482 2737 palati
502 2649 656 2734 quidnam
678 2661 828 2737 saperent
848 2652 1051 2739 margaritae,
1074 2663 1172 2739 atque
1192 2665 1231 2720 ut
1243 2655 1324 2720 mire

202 2752 363 2840 placuere,
385 2771 427 2816 nc
449 2749 536 2816 solus
556 2749 618 2816 hoc
640 2749 747 2831 sciret,
770 2751 914 2839 singulos
934 2753 1071 2820 uniones
1085 2755 1229 2822 convivis
1242 2776 1324 2842 quo·-

202 2875 267 2939 que
288 2851 506 2919 absorbendos
527 2851 626 2919 dedit.
648 2851 772 2920 Romae
793 2853 827 2919 in
848 2853 1046 2941 promiscum
1066 2877 1106 2922 ac
1125 2857 1324 2942 frequentem
1338 2867 1386 2916 12³

237 3043 252 3106 §
266 3048 322 3094 120.
344 3040 378 3106 id,
389 3044 443 3096 Rd.
467 3041 568 3110 quiden,
579 3060 600 3096 r.
623 3084 654 3095 ..
676 3051 701 3094 et
711 3051 899 3110 consumpturam
910 3061 963 3095 cam
975 3061 1078 3110 emnam,
1090 3039 1183 3098 nour
1194 3043 1264 3110 (eod.
1276 3044 1324 3097 Ur·

203 3110 252 3160 sini
262 3112 331 3176 apud
344 3111 460 3163 Ciaccon.
471 3113 536 3164 triol.
548 3128 574 3179 p.
587 3111 642 3175 88.)
659 3119 892 3178 consumpturomqae
903 3128 929 3162 ee
939 3129 970 3163 co
980 3130 1061 3177 coeno,
1071 3109 1102 3177 β.
1124 3155 1156 3166 ..
1178 3130 1205 3163 se
1215 3113 1325 3175 catam,

202 3177 234 3229 B.
252 3178 350 3228 accuens
360 3196 393 3244 se,
406 3184 430 3231 d.
448 3180 582 3244 sermones,
594 3175 624 3243 β.

236 3252 252 3326 ξ
265 3268 321 3314 121.
340 3263 466 3326 obsorbuit,
478 3265 532 3315 Rd.
550 3264 679 3328 obsorbuit,
690 3264 770 3316 Hard.
789 3305 821 3316 ..
835 3273 948 3330 parante,
960 3265 1065 3318 Gesner.
1077 3266 1212 3319 chrestom.
1222 3279 1253 3333 p.
1266 3267 1325 3316 423.

99 3324 102 3333 ’
202 3328 289 3380 Multa
307 3331 336 3380 u.
359 3332 476 3380 tmutaa
489 3332 557 3382 Pint.
584 3372 616 3382 ..
651 3326 1003 3397 altercandoque
1028 3335 1107 3385 Turn.
1131 3328 1325 3392 auv.15,1o.)

203 3393 366 3459 heminarum,
379 3398 410 3447 Τ.
437 3394 650 3461 tumuerant.
677 3398 1012 3462 omineeiralo,Ursin.l.l.
1031 3440 1063 3450 -.
1092 3396 1325 3457 Uortumnum&

206 3457 376 3524 Committutur,
392 3456 421 3514 θ.
442 3460 574 3529 comitetur,
585 3461 615 3527 β.
634 3506 666 3516 ...
683 3465 786 3529 clauim,
798 3469 852 3520 lid.
869 3462 941 3533 molo,
952 3469 986 3520 K.
1004 3508 1036 3518 -
1053 3466 1182 3530 uticeque,
1193 3459 1282 3517 ΒθΤ.

237 3544 323 3607 §122
333 3547 425 3611 serent,
437 3550 461 3599 d.
470 3547 588 3612 sererent,
599 3550 644 3600 ΕΙ.
653 3550 775 3614 fecerunt,
786 3553 832 3603 3².
852 3593 884 3603 ...
901 3551 972 3618 banc,
983 3553 1035 3605 Rd.
1054 3559 1132 3602 tameo
1143 3550 1212 3613 bone,
1223 3545 1274 3616 βγ.
1294 3591 1326 3600 -

203 3613 286 3673 etium,
299 3617 399 3666 om.d¹.
418 3656 450 3666 ..
467 3613 571 3680 ploriae,
581 3617 614 3668 R.
639 3658 672 3668 ..
702 3616 828 3681 Claudius,
840 3621 864 3670 d.
891 3662 923 3672 ...
951 3619 1072 3687 truyoedr'e
1082 3618 1204 3686 aptata.
1232 3660 1264 3670 ..
1290 3633 1327 3680 ne,

203 3681 228 3733 R
237 3675 349 3735 dsuur
364 3680 450 3745 (codd.
463 3685 529 3736 Bud.
542 3687 574 3735 de
585 3701 641 3737 asse
652 3702 677 3751 p.
690 3691 748 3738 279.
761 3695 787 3738 et
798 3687 936 3752 Tumebi.)
951 3705 980 3739 ne
991 3690 1023 3750 io,
1034 3685 1064 3751 β.
1087 3728 1119 3740 -
1141 3687 1254 3753 superbio
1264 3693 1326 3735 otto·-

203 3749 273 3811 m'tas,
286 3753 310 3801 d.
328 3793 360 3802 ,.
379 3753 519 3816 quamarcia,
531 3746 651 3806 nourr
663 3751 750 3816 (codd.
763 3754 896 3819 Tumebi.)
915 3756 980 3820 quod
989 3756 1016 3807 id
1025 3757 1111 3822 mapa,
1122 3752 1152 3818 β.
1175 3797 1207 3807 ..
1229 3753 1325 3819 rapiam,
1342 3801 1344 3805 Α

202 3818 286 3868 RTd.
304 3819 430 3884 resculam,
446 3812 483 3871 Or
495 3818 582 3883 (codd.
593 3820 730 3886 Tmnebi.)
753 3864 785 3872 -
800 3823 866 3886 fiat,
882 3818 1003 3876 Boura
1015 3823 1101 3886 (codd.
1113 3820 1248 3886 Tumebi.)
1266 3828 1326 3882 crat,

203 3880 233 3946 β.
252 3925 283 3934 ..
302 3886 848 3955 quidamstquidam,1sd¹.qaid‚ssr.
872 3933 903 3941 -
931 3892 1140 3958 marquardum.
1167 3933 1200 3942 ..
1226 3907 1262 3950 nc,
1275 3904 1326 3941 om.

204 3953 228 4000 d.
247 3992 278 4000 -
297 3955 416 4018 convivia,
428 3956 460 4007 B.
479 3998 511 4007 ..
528 3974 626 4022 quoque,
638 3952 751 4010 ROTd.
769 3959 827 4010 Om.
839 3954 868 4022 β.

239 4036 324 4096 §¹²3-
346 4039 499 4101 promiscum,
511 4042 543 4091 R.
566 4043 735 4106 promiscuum,
749 4039 821 4107 dssr.
839 4085 871 4094 ..
891 4059 915 4106 a,
927 4044 959 4093 R.
977 4085 1009 4095 ..
1027 4043 1327 4101 Alexandrea..reaoaa

204 4101 236 4150 R.
254 4099 572 4172 Alexandrio''-redoctu''‚
586 4112 610 4160 d.
624 4151 657 4161 ...
675 4108 824 4174 deditionem,
835 4108 865 4174 β.
878 4151 910 4161 ..
928 4111 1002 4175 cirea,
1015 4128 1066 4164 om.
1079 4116 1102 4165 d.
1117 4152 1149 4162 ..
1161 4109 1327 4176 quurtliuum

207 4229 298 4297 mltum,
311 4235 365 4285 Rd.
385 4276 415 4287 ..
433 4216 526 4303 impiari
536 4258 595 4307 cum,
607 4244 639 4296 R.
657 4244 682 4296 in
690 4245 809 4310 pandum,
822 4247 846 4297 d.
864 4246 937 4298 Haec
948 4248 1024 4299 rerba
1035 4262 1090 4299 esse
1102 4254 1222 4312 corrupta
1234 4249 1328 4298 docent
