2896 4800
207 286 248 352 28
560 301 765 350 aerumma
786 301 983 350 nrsronran

206 452 330 521 videret
356 471 470 518 cxxxv
495 472 521 516 u
540 470 712 538 passuum3
747 449 822 518 huic
849 461 883 516 ct
907 472 1024 520 nomeu
1050 449 1099 517 Μ.
1122 451 1227 518 Varro
1253 455 1331 519 red·

118 632 121 637 ,
207 554 265 632 dit,
289 549 484 619 Strabonem
505 561 673 628 vocatum3
694 550 827 616 solitum
846 562 956 618 autem
977 552 1102 620 Punico
1122 554 1207 621 bello
1227 577 1248 621 a
1268 553 1331 620 Li·

205 654 322 743 lybaeo
343 649 474 719 Siciliae
505 652 739 740 promontorio,
773 662 913 719 exeunte
946 654 1049 721 classo
1078 676 1097 719 c
1123 650 1331 742 Carthaginis

129 824 132 829 ,
206 765 313 842 portu,
341 753 438 821 etiam
458 774 628 819 numerum
648 752 780 818 navium
807 752 924 820 dicere.
954 751 1146 822 Callicrates
1172 777 1214 821 ex
1234 755 1331 823 ebore

205 856 355 922 formicas
376 865 410 920 et
430 855 494 920 alia
521 863 587 918 tam
608 875 711 941 parva
729 853 807 920 iecit
834 854 984 920 animalia
1016 866 1055 921 ut
1084 867 1193 942 partes
1219 878 1331 924 eorum

206 979 226 1022 a
248 957 364 1022 ceteris
391 955 478 1021 cerui
506 976 571 1021 non
591 965 734 1041 possent.
764 953 987 1041 Myrmecides
1008 956 1139 1043 quidem
1160 958 1195 1022 in
1215 957 1330 1024 eodem
1416 1000 1422 1010 ·

205 1079 325 1147 genere
346 1057 506 1134 inclaruit,
536 1079 556 1120 a
576 1077 640 1141 quo
661 1054 853 1146 quadrigam
874 1078 916 1124 ex
942 1056 1056 1123 eadem
1076 1059 1210 1124 materia
1231 1081 1330 1144 quam

207 1181 321 1224 musca
356 1157 516 1245 integeret
546 1157 605 1222 alis
636 1157 825 1224 fabricatam
862 1168 896 1226 et
926 1180 1044 1226 navem
1075 1182 1172 1247 quam
1203 1160 1331 1247 apicula

205 1259 315 1346 pinnis
337 1257 557 1324 absconderet.
997 1312 1000 1317 ,
1165 1302 1169 1312 .

248 1358 370 1424 ΧΧΠ.
391 1358 443 1423 22.
476 1356 620 1425 Auditus
633 1381 736 1426 unum
749 1359 932 1447 exemplum
951 1359 1050 1429 habet
1061 1361 1217 1442 mirabile,
1238 1383 1330 1449 proc·
1343 1382 1379 1428 sc

206 1461 287 1528 lium
313 1481 378 1544 quo
401 1457 536 1546 Sybaris
565 1461 671 1527 deleta
695 1471 746 1527 est
772 1482 811 1528 eo
837 1461 891 1528 die
912 1482 976 1545 quo
996 1471 1125 1547 gestum
1146 1473 1216 1528 erat
1236 1462 1329 1528 audi-

105 1570 115 1575 ”
208 1572 277 1628 111111
306 1559 490 1648 Olympiae.
517 1560 603 1628 Nam
630 1560 815 1629 Cimbricae
841 1562 994 1628 victoriae
1023 1557 1240 1643 Castoresque
1261 1562 1329 1626 Ro-

156 1694 163 1705 ··
206 1663 305 1743 mani,
329 1664 385 1748 qui
397 1662 563 1730 Persicam
576 1663 744 1729 victoriam
757 1662 830 1748 ipso
846 1662 899 1729 die
910 1683 975 1748 quo
986 1660 1121 1748 contigit
1130 1661 1330 1738 nuntiavere,
1429 1699 1435 1708 ·

208 1766 297 1832 visus
319 1775 353 1830 et
371 1766 541 1830 numinum
560 1764 651 1829 fuere
672 1763 853 1850 praesagia.
1436 1750 1440 1758 ¹

248 1864 388 1931 XXIII.
410 1866 462 1932 23.
494 1864 660 1930 Patientia
680 1863 840 1949 corporis,
873 1873 910 1930 ut
937 1873 989 1930 est
1017 1863 1129 1930 crebra
1153 1885 1222 1930 sors
1244 1863 1329 1931 cala-
1343 1881 1378 1928 ar

208 1966 378 2045 mitatium‚
407 1966 575 2031 innumera
600 1965 795 2031 documenta
820 1965 958 2054 peperit,
992 1965 1203 2032 clarissimum
1222 1966 1257 2030 in
1278 1964 1328 2031 fe-

208 2068 304 2133 minis
325 2065 476 2133 Leaenae
495 2065 685 2146 meretricis,
716 2087 799 2152 quae
821 2076 905 2133 torta
924 2088 991 2133 non
1011 2066 1167 2133 indicavit
1186 2065 1329 2131 Harmo-

208 2170 298 2236 dium
324 2178 358 2235 et
377 2166 630 2254 Aristogitonem
651 2167 857 2255 tyranicidas,
888 2167 924 2234 in
950 2167 1028 2235 viris
1048 2167 1244 2246 Anaxarchi,
1273 2168 1330 2251 qui

208 2271 304 2339 simili
325 2270 367 2336 de
388 2293 486 2337 causa
507 2292 582 2336 cum
602 2279 804 2356 torqueretur
824 2292 1008 2356 praerosam
1022 2268 1172 2337 dentibus
1185 2268 1331 2359 linguam

207 2392 368 2453 unamque
389 2393 481 2456 spem
501 2371 601 2438 indici
621 2371 656 2437 in
678 2372 807 2456 tyranni
827 2394 864 2438 os
885 2371 1025 2457 exspuit.

249 2468 384 2533 XXIV.
406 2470 458 2533 24.
489 2468 649 2535 Memoria
673 2471 892 2536 necessarium
916 2491 1065 2534 maxume
1096 2471 1183 2536 vitae
1208 2471 1329 2534 bonum
1344 2487 1377 2532 sa

208 2567 262 2634 cui
283 2567 458 2653 praecipua
479 2566 585 2646 fuerit,
613 2565 701 2632 haud
725 2567 819 2632 facile
841 2566 930 2630 dictu
952 2576 1012 2645 est,
1043 2576 1110 2628 tam
1130 2567 1239 2631 multis
1261 2567 1330 2632 eius

209 2667 347 2758 gloriam
367 2666 504 2754 adeptis.
537 2665 647 2750 Cyrus
673 2688 733 2732 rex
758 2665 907 2731 omnibus
932 2665 968 2729 in
994 2665 1138 2730 exercitu
1165 2687 1224 2732 suo
1245 2666 1330 2732 mili-
1409 2742 1415 2750 ,

209 2768 296 2838 tibus
323 2769 453 2837 nomina
481 2766 634 2845 reddidit,
667 2764 709 2831 1..
732 2762 845 2852 Scipio
873 2763 1179 2851 populaRomano,
1210 2765 1329 2835 Cineas
1424 2792 1431 2805 .

245 2971 415 3035 CLXXXV,
424 2974 542 3025 Periaou.
554 2975 587 3025 ad
596 2972 697 3024 Aeliau.
708 2987 761 3023 var.
773 2971 893 3024 111³ch
905 2979 945 3036 13,
955 2979 979 3024 2.
995 2970 1098 3026 CCXX
1101 2974 1130 3037 V,
1138 2976 1227 3028 Peter.
1237 2977 1329 3027 disser-

209 3048 266 3092 tatu
279 3044 313 3091 ad
324 3043 425 3092 nrauol.
439 3045 462 3103 7,
476 3046 515 3092 10.
527 3058 552 3107 p.
567 3045 624 3092 147.
641 3042 702 3091 Vid
712 3041 863 3105 wesseling.
876 3044 909 3092 ad
920 3041 1018 3093 Antan.
1030 3043 1111 3095 itiner.
1124 3050 1219 3108 11404.
1230 3044 1328 3094 otuu-

208 3123 261 3159 ner.
274 3111 409 3160 chrestom.
421 3122 446 3172 p.
460 3114 516 3159 112.
536 3150 568 3159 ..
585 3105 670 3170 reddit,
685 3102 742 3158 Βθ.
766 3106 879 3171 reddidit,
890 3105 962 3174 ᾶβγ.
981 3151 1013 3160 ..
1032 3110 1107 3160 classe
1122 3127 1142 3174 e,
1158 3104 1236 3162 Itis.
1254 3111 1329 3160 classe

208 3191 234 3239 a,
245 3177 313 3226 Bob.
323 3171 353 3239 β.
371 3215 404 3225 ..
421 3190 508 3237 aarum,
523 3170 632 3229 Bd'l’d.
654 3192 744 3237 earum,
759 3173 811 3241 βγ.
827 3217 860 3227 ...
878 3177 950 3237 caui,
966 3179 1071 3229 RSTd.
1093 3180 1189 3239 secerni,
1208 3179 1290 3228 Solin.
1304 3183 1328 3240 l,

211 3249 267 3294 100.
281 3283 313 3292 ..
321 3240 457 3307 11111010.
470 3283 502 3292 ..
519 3242 686 3309 Myrmecides,
697 3245 803 3294 Barbur.
821 3241 985 3303 Menaecideu,
997 3245 1049 3294 Rd.
1063 3283 1095 3293 ..
1108 3243 1209 3306 quidem,
1222 3237 1328 3294 ΒθΤᾱ.

208 3307 315 3371 quidam,
326 3304 356 3369 β.
369 3347 402 3357 ..
419 3324 436 3356 a
445 3324 498 3372 quo,
510 3313 591 3361 omitt.
603 3312 656 3361 Rd.
669 3350 702 3360 ..
720 3309 872 3374 quadrigam,
885 3311 909 3359 d.
927 3308 1051 3373 quadrupe,
1063 3311 1096 3359 B.
1115 3308 1242 3373 quadriga,
1255 3304 1283 3360 θ.
1295 3351 1327 3360 .-

202 3374 363 3438 fabricatam,
375 3377 399 3425 d.
409 3376 546 3440 fabricata,
561 3371 590 3427 θ.
599 3377 720 3441 sabrr'cat,
732 3377 790 3429 dein
801 3392 897 3436 rasura,
908 3377 986 3425 R...
1002 3375 1102 3438 apicula,
1114 3377 1168 3425 Rd.
1180 3415 1212 3424 ..
1231 3376 1329 3424 abscon·

209 3440 273 3502 dere,
285 3441 317 3491 R.
334 3443 419 3493 11011111
433 3444 600 3508 interpolatus
615 3446 653 3494 ita
667 3446 814 3495 scribendus
825 3444 938 3494 videtur:
955 3440 1075 3504 inclaruit,
1087 3440 1329 3508 quadrupe-sabri-
1399 3486 1407 3501 ,

210 3515 267 3557 cata
278 3515 302 3555 et
312 3524 379 3571 aava,
393 3524 442 3573 quo
456 3513 551 3562 ducunt
561 3512 678 3561 codicum
689 3513 834 3574 scripturae.

200 3612 203 3617 -
244 3573 313 3635 §dd
332 3575 515 3639 babedrr,Rob.
535 3618 567 3628 ..
584 3577 696 3639 Larasa,
708 3578 774 3627 Rob.
794 3617 826 3626 ..
844 3574 1060 3628 Nam-Romani
1073 3578 1100 3628 in
1117 3593 1204 3629 rasura
1214 3579 1292 3630 habet
1304 3581 1328 3629 d.

209 3641 286 3705 Hinc,
298 3644 385 3695 sinon
396 3647 506 3708 aliunde,
516 3647 589 3696 locus
601 3648 633 3697 do
641 3645 785 3709 corruptela
792 3651 931 3709 suspectus.
947 3645 984 3696 Ut
992 3661 1060 3696 nunc
1068 3662 1095 3697 se
1104 3648 1190 3709 habet,
1204 3650 1329 3711 genitivus

141 3739 152 3760 0
214 3707 300 3762 Cimbr.
317 3710 379 3775 urat,
392 3728 455 3777 quas
466 3728 541 3766 voces
553 3727 629 3764 nemo
645 3727 691 3778 per
705 3727 840 3762 numerum
854 3712 980 3777 pluralem
995 3714 1154 3779 interpretari
1169 3716 1246 3775 volet,
1262 3718 1329 3764 unde

210 3781 328 3841 pendeat,
344 3796 421 3832 nemo
436 3783 519 3846 ridet,
535 3796 589 3832 non
604 3780 772 3846 improbabile
788 3787 827 3831 est
841 3795 936 3831 nomen
952 3779 1037 3830 relatio
1051 3784 1093 3832 vel
1104 3783 1156 3832 tale
1167 3783 1250 3832 simile
1262 3796 1329 3845 pone

210 3843 265 3894 aiat.
277 3849 406 3899 excidisse.
425 3889 458 3900 ..
478 3846 643 3913 Castore-aqum
660 3848 721 3899 huic
731 3848 789 3898 roci
801 3849 912 3899 secunda
922 3864 1013 3898 manus
1024 3849 1052 3896 in
1062 3851 1177 3899 Murbac.
1193 3851 1329 3913 suprascri-

211 3913 263 3975 psit
274 3928 431 3978 cursoresque,
442 3920 510 3968 unde
520 3919 604 3968 Rheu.
626 3914 693 3968 Nam
708 3912 794 3966 0111ιό1.
805 3915 920 3964 uictoriae
930 3930 1044 3975 cursores,
1057 3916 1143 3978 quique
1154 3916 1256 3966 1101111111
1268 3917 1329 3966 Per.

209 3976 286 4026 *acam
303 3981 418 4031 coniecit.
444 3981 552 4032 Castores
563 3984 670 4034 Romani
679 3984 781 4048 quiaque
792 3982 889 4042 Persei,
906 3982 997 4032 Didae.
1015 3979 1181 4034 Covarrubias
1202 4000 1243 4048 ap.
1261 3986 1328 4034 Pint.

211 4043 332 4096 Ceterum
343 4060 366 4096 v.
378 4047 465 4096 Valer.
476 4050 548 4100 Max.
559 4049 581 4100 1.
594 4056 618 4111 8,
632 4055 655 4100 1.
667 4090 700 4100 -
717 4051 781 4099 uuus
792 4057 815 4098 et
825 4047 922 4096 auditus
932 4054 955 4095 ct
966 4048 1093 4112 ruminum,
1104 4051 1138 4101 K
1155 4065 1202 4100 noa
1212 4051 1277 4098 udus
1287 4059 1331 4100 aut

212 4109 309 4162 auditus
320 4110 365 4160 sed
374 4127 406 4175 u,
417 4114 509 4165 Didae.
527 4130 573 4164 uon
584 4115 648 4164 vaus
659 4113 703 4164 sed
712 4115 839 4174 numinum,
850 4114 940 4164 Dalcc.

246 4181 262 4243 ς
274 4182 315 4230 87.
334 4177 514 4244 calamitatium,
524 4175 582 4233 Re.
600 4179 771 4244 calamitatum,
784 4177 855 4244 dssr.
875 4220 906 4230 ..
923 4195 993 4244 qima,
1004 4182 1050 4233 lid
1062 4179 1148 4246 (codd.
1161 4179 1232 4246 Gal.)
1253 4197 1329 4233 exera

210 4243 276 4308 plum
289 4261 357 4311 quae,
366 4262 386 4300 r.
400 4288 432 4300 -
444 4246 596 4315 Anaxarchi,
604 4245 745 4320 Bd(codd.
755 4245 825 4310 Gal.)
843 4245 1030 4314 Armarctidir,
1041 4252 1075 4303 K
1092 4252 1153 4303 Vid.
1162 4251 1249 4304 Valet.
1258 4253 1329 4304 Max.
