2896 4800
179 267 242 332 334
534 279 738 326 uarnnams
759 278 955 326 Hieromus

221 434 282 501 IV.
305 436 335 500 8.
358 430 538 519 Lanigeras
560 427 677 496 Serum
698 431 733 494 in
753 429 915 495 mentione
938 429 1044 517 gentis
1067 430 1136 494 eius
1157 431 1304 496 narravi-
1321 445 1351 492 11

181 559 263 615 mus,
285 535 363 600 item
383 531 496 597 Indiae
518 530 669 597 arborum
690 531 955 618 magnitudinem.
988 529 1098 595 Unam
1119 552 1137 596 e
1159 531 1304 616 peculia-

180 638 269 703 ribus
298 634 411 700 Indiae
437 632 604 721 Vergilius
632 632 805 698 celebrarit
829 631 1007 710 hebenum,
1041 652 1202 714 nusquam
1227 631 1305 696 alibi

179 739 270 805 nasei
291 737 466 824 professus.
500 734 687 800 Herodotus
709 756 781 799 eam
800 732 995 819 Aethiopiae
1022 732 1166 820 intellegi
1190 732 1306 797 maluit

180 838 292 906 tributi
315 838 420 903 vicem
440 835 574 924 regibus
594 834 741 900 Persidis
763 855 781 898 e
802 835 938 900 materia
959 835 1029 900 eius
1051 844 1201 900 centenas
1221 834 1303 920 pha-

179 941 296 1028 langas
318 939 413 1004 tertio
435 959 562 1022 quoque
584 959 667 1003 anno
688 936 866 1022 pensitasse
880 936 1061 1022 Aethiopas
1084 958 1158 1002 oum
1179 958 1258 1001 auro
1273 945 1306 1001 et

181 1042 279 1109 ebore
300 1039 475 1127 prodendo.
507 1037 583 1104 Non
604 1037 816 1104 omittendum
837 1037 872 1102 id
892 1059 1020 1122 quoque
1041 1038 1178 1124 vigenos
1199 1037 1305 1103 dentis
1320 1052 1352 1098 rs

181 1143 426 1229 elephantorum
451 1140 600 1227 grandis,
631 1140 782 1223 quoniam
808 1140 855 1204 ita
882 1139 1092 1226 significavit,
1126 1139 1305 1224 Aethiopas

181 1245 294 1310 eadem
323 1265 421 1309 eausa
447 1242 586 1327 pendere
615 1242 735 1306 solitos.
778 1240 885 1304 Tanta
916 1240 1005 1306 ebori
1033 1239 1207 1306 auotoritas
1235 1249 1306 1304 erat

180 1346 270 1413 urbis
295 1354 423 1410 nostrae
450 1364 540 1408 esox.
568 1364 650 1407 anno
657 1364 667 1418 3
701 1351 779 1406 tune
807 1341 890 1407 enim
918 1351 1031 1407 auetor
1055 1341 1109 1407 ille
1140 1340 1305 1406 historiam

182 1469 252 1514 eam
273 1445 416 1513 condidit
436 1442 568 1508 Thuriis
589 1442 624 1506 in
644 1442 748 1520 Italia,
781 1465 845 1526 quo
872 1443 976 1531 magis
1002 1444 1119 1509 mirum
1147 1441 1307 1526 estquod

181 1546 287 1612 eidem
308 1545 480 1621 oredimus,
504 1544 559 1627 qui
574 1542 701 1607 Padum
721 1565 848 1608 amnem
869 1543 1005 1609 vidisset
1025 1545 1187 1610 neminem
1208 1542 1306 1608 adid

182 1657 310 1731 tempus
335 1644 438 1710 Asiae
466 1641 686 1728 Graeciaeque
715 1654 771 1709 aut
803 1643 864 1709 sibi
897 1646 1069 1734 cognitum.
1112 1643 1307 1729 Aethiopiae
1322 1658 1353 1704 le

182 1749 295 1827 forma,
324 1757 361 1811 ut
382 1745 534 1825 diximus,
563 1768 668 1831 nuper
689 1745 797 1811 adlata
817 1744 940 1812 Neroni
960 1747 1099 1834 prinoipi
1126 1768 1230 1811 raram
1251 1767 1305 1809 ar-

181 1847 292 1915 borem
317 1847 455 1914 Meroen
481 1854 585 1931 usque
612 1870 633 1911 a
659 1844 768 1931 Syene
794 1847 859 1913 fine
884 1848 989 1934 inperi
1015 1871 1075 1934 per
1100 1867 1260 1913 noeoxovr
1280 1869 1307 1910 u

131 1962 135 1971 ‘
183 1972 338 2037 passuum
357 1950 543 2034 nullamque
564 1947 628 2013 nisi
649 1948 829 2035 palmarum
846 1951 975 2037 generis
995 1971 1067 2017 esse
1087 1949 1205 2014 docuit.
1227 1947 1307 2014 Ideo

184 2050 331 2116 fortassis
352 2051 387 2116 in
409 2052 519 2118 tributi
539 2049 731 2117 auctoritate
753 2051 848 2115 tertia
869 2073 922 2116 res
942 2051 1041 2117 fuerit
1062 2051 1216 2118 hebenus.

227 2154 256 2217 9.
290 2152 414 2219 Romae
442 2175 514 2218 eam
534 2151 680 2239 Magnus
700 2150 877 2236 Pompeius
903 2152 1063 2238 triumpho
1084 2149 1352 2217 Mithridaticam

183 2255 333 2321 ostendit.
370 2253 518 2320 Aocendi
539 2252 705 2318 Fabianus
726 2264 825 2340 negat
832 2276 841 2329 3
870 2255 976 2318 uritur
1004 2263 1110 2319 tamen
1137 2255 1234 2320 odore
1255 2252 1306 2316 iu-

184 2357 299 2423 cundo.
342 2356 419 2422 Duo
447 2377 566 2442 genera
594 2355 680 2420 eius:
713 2376 824 2419 rarum
859 2354 895 2418 id
920 2355 1009 2439 quod
1035 2356 1160 2434 melius,
1194 2354 1307 2420 arbore

183 2457 263 2521 mire
280 2457 385 2534 enodi,
407 2457 540 2521 materie
560 2455 646 2543 nigri
669 2454 849 2540 splendoris
870 2476 907 2520 ao
929 2456 982 2521 vel
996 2455 1064 2521 sine
1078 2466 1146 2521 arte
1159 2455 1307 2542 protinus

184 2557 327 2634 iucundi,
357 2557 494 2622 alterum
523 2557 712 2622 fruticosum
742 2556 837 2640 cytisi
863 2558 958 2623 modo
987 2568 1020 2623 et
1048 2568 1115 2624 tota
1134 2556 1229 2623 India
1256 2556 1307 2620 di·

185 2677 340 2741 spersum.

220 2824 235 2886 ξ
250 2830 288 2878 17.
306 2826 457 2876 annuamus
469 2834 493 2889 6,
506 2833 547 2878 54.
566 2868 598 2878 ..
615 2827 669 2877 item
683 2833 706 2890 7,
718 2835 759 2880 21.
779 2871 810 2880 -
828 2847 945 2895 unumque
952 2830 1108 2897 peculiarius,
1119 2848 1140 2882 r.
1158 2871 1190 2880 ..
1222 2827 1306 2894 Vergi-

174 2891 240 2954 lias,
252 2907 340 2972 georg.
353 2901 377 2957 a,
391 2901 447 2945 11s.
465 2895 534 2945 Ado.
547 2895 626 2946 Solis.
640 2901 681 2977 ⁵²2
695 2903 802 2947 51-11.
820 2939 853 2948 ..
871 2897 991 2961 boam,
1002 2900 1055 2951 Ra.
1074 2900 1178 2959 esaum,
1189 2891 1260 2962 ᾶβγ.
1274 2937 1306 2946 -

187 2958 1136 3098 mutas-..tutatusttattuaauauaj':
1149 2964 1309 3082 12213.

186 3097 265 3158 uuam,
278 3096 334 3149 ΒΤ.
353 3138 385 3148 ..
402 3097 512 3161 mareas,
523 3100 555 3149 R.
572 3098 656 3161 mm,
668 3101 712 3150 ad.
730 3099 836 3163 mauris,
846 3095 899 3165 βγ.

220 3167 288 3228 §lta
306 3165 452 3229 vigenosffl.
469 3167 557 3230 ageas,
569 3169 614 3217 ad.
631 3163 792 3232 vicmoassr.
811 3208 843 3218 ..
860 3165 950 3230 eam,
962 3168 994 3219 R.
1011 3165 1168 3233 eudqadr.
1188 3207 1220 3216 -
1242 3166 1307 3216 Ton-

186 3232 293 3294 taebori,
307 3235 330 3281 d.
356 3233 412 3282 iam
429 3233 564 3296 TeboriR.
594 3233 675 3284 Tanta
686 3234 768 3297 aborsis,
779 3237 811 3286 Τ.
841 3235 923 3285 Tanta
934 3236 1027 3296 eboreo,
1038 3252 1080 3286 ar.
1097 3274 1129 3286 ..
1155 3233 1261 3294 ababa,
1274 3235 1308 3283 R.

187 3337 219 3348 -
240 3299 345 3361 Thuriis,
357 3301 461 3350 Barbar.
474 3303 499 3350 d.
517 3301 584 3364 turae,
594 3302 626 3351 R.
648 3300 759 3362 iussa,
771 3318 794 3352 a.
813 3343 845 3352 -
862 3300 932 3364 idem,
944 3306 988 3354 ad.
1005 3304 1040 3354 V.
1051 3301 1147 3354 Herod.
1159 3307 1183 3362 8,
1198 3306 1253 3349 115.
1272 3337 1305 3346 ...

186 3380 286 3424 amnem,
297 3368 351 3416 Rd·
369 3383 422 3429 non,
435 3365 524 3432 ddpqo
536 3366 590 3431 (ap.
603 3369 715 3420 Gronov.
727 3370 832 3420 miscell.
844 3385 870 3434 p.
880 3369 951 3434 848.)
969 3385 1060 3419 amnem
1070 3384 1124 3429 aon,
1133 3383 1156 3416 a.
1169 3405 1201 3414 ..
1213 3363 1306 3412 nemine

187 3430 254 3492 addi,
265 3434 297 3482 B.
316 3473 348 3481 ..
369 3433 539 3496 Graecaeque,
550 3436 582 3484 R.
600 3451 653 3498 qne,
664 3438 707 3486 ad.
726 3476 759 3486 ..
776 3443 810 3499 ut,
821 3438 876 3487 Rd.
893 3435 966 3499 baud,
978 3454 1001 3489 a.

221 3497 236 3559 ξ
250 3503 290 3548 19.
308 3498 446 3562 diximus-6,
460 3507 516 3552 181.
535 3541 567 3552 ..
581 3501 696 3566 principi,
708 3518 759 3553 om.
771 3505 804 3554 R.
822 3544 855 3553 ..
872 3505 989 3567 urborm
1000 3495 1174 3556 Rosuaur.
1198 3500 1307 3547 arborem

187 3567 289 3628 dmum,
300 3561 330 3628 β.
344 3607 375 3616 ..
387 3566 487 3617 Meroen
498 3585 577 3632 mque,
590 3584 642 3618 om.
654 3568 762 3621 Salmas.
774 3586 856 3622 exere.
867 3574 964 3637 pztst.
976 3589 999 3623 a.
1011 3574 1046 3623 D.
1058 3611 1090 3621 ..
1111 3568 1195 3628 soene,
1207 3568 1261 3616 Ra·
1273 3608 1306 3616 —

187 3631 385 3697 DOOOXGVL
402 3636 477 3686 Tad.
501 3633 723 3700 DGGCOXGVI,
743 3634 800 3699 Ββ.
830 3640 967 3690 Diversum
986 3652 1121 3690 numerum
1141 3637 1219 3686 habet
1238 3637 1306 3685 Plin.

188 3707 211 3760 8,
225 3709 282 3753 182.
299 3709 424 3767 rouperto,
438 3703 591 3756 Salmas...
609 3702 751 3768 nullamque,
762 3698 866 3756 Roas.
884 3705 1019 3770 nudamque
1030 3705 1113 3766 aliern,
1125 3699 1154 3766 β.
1168 3744 1200 3753 ..
1218 3702 1250 3764 in,
1262 3704 1307 3752 ad.

187 3767 336 3886 sesag...
355 3769 444 3834 asoa
455 3762 539 3820 soa
558 3771 675 3834 matum,
688 3788 711 3822 a
729 3772 876 3834 assam,
889 3767 918 3834 β.
937 3772 1039 3835 sassa,
1050 3772 1160 3824 sumas.
1178 3812 1210 3821 -
1229 3767 1306 3829 iasa,

188 3849 239 3885 om.
277 3874 283 3887 .

222 3905 236 3965 §
249 3910 289 3954 20.
308 3921 367 3964 mm,
379 3906 452 3956 Rau.
471 3906 549 3967 etiam,
560 3920 580 3956 r.
599 3906 700 3958 Ο111.Τ.
719 3947 750 3956 ..
774 3905 897 3971 lampio,
909 3910 964 3973 Rp.
987 3907 1013 3957 a'n
1026 3903 1151 3970 triumpho,
1163 3898 1256 3967 adssr.
1274 3942 1306 3951 ..

188 3967 301 4031 Accendi,
312 3973 337 4022 R
346 3965 464 4023 &Tadu
481 3971 590 4022 Acoeadi
600 3989 660 4035 eam,
670 3969 701 4034 β.
719 4014 751 4024 ..
769 3973 870 4023 amado
881 3975 960 4036 odae,
972 3977 997 4025 d.
1014 4015 1045 4024 ..
1070 3974 1156 4022 arbore
1167 3970 1234 4031 mire,
1250 3969 1308 4021 Sal·

188 4050 251 4084 mas.
264 4051 345 4086 exerc.
357 4054 383 4102 p.
397 4044 454 4091 728.
465 4041 489 4089 b.
501 4041 533 4091 B.
559 4040 827 4102 arboramiars‚Rad
853 4044 977 4092 arboreum
990 4036 1146 4104 truneassr.
1173 4078 1206 4088 ..
1232 4035 1308 4096 enodi,

187 4102 285 4216 3521&
297 4119 336 4167 ap.
350 4104 457 4230 8210111111.
476 4115 499 4156 et
509 4106 577 4170 aedi,
588 4109 661 4159 Rae.
686 4107 805 4160 Ceterum
816 4124 839 4158 v.
852 4110 985 4174 Theophr.
997 4110 1015 4158 1.
1027 4109 1045 4158 l.
1057 4107 1106 4158 IV.
1118 4112 1143 4169 4,
1155 4112 1180 4157 6.
1201 4145 1233 4155 ..
1256 4120 1308 4152 mu·

262 4185 302 4229 ‚a
321 4211 352 4220 ..
370 4189 385 4220 u
426 4177 519 4226 ont-R.

222 4234 289 4296 521.
316 4235 375 4301 Est,
392 4235 422 4288 θ.
443 4241 501 4290 Hoc
516 4242 619 4291 verbum
637 4244 670 4292 ad
686 4240 814 4306 dispma
831 4246 901 4308 520.
918 4243 1140 4306 referunt-Bady,
1159 4235 1256 4301 011119·
1275 4276 1306 4288 -
