2896 4800
405 256 477 309 niu.
490 260 539 308 xr.
568 257 647 306 oar.
661 257 735 305 xvr.
767 255 865 305 sacr.
882 258 913 302 ιε.
928 259 959 303 rs.
1187 237 1251 304 265
1283 314 1286 319 Α

128 435 312 498 numquam.
334 411 450 480 Plures
470 412 705 479 existumavere
728 419 876 498 oportere
891 407 1005 475 confici
1018 407 1151 477 floribus
1165 431 1251 478 eom·
1308 434 1313 443 ’

129 515 243 602 positis
263 525 339 601 apte
360 525 457 600 atque
478 513 610 593 utiliter,
633 511 731 596 aliqui
754 511 841 578 coitu
862 510 958 576 unius
978 509 1034 595 qui
1047 532 1106 576 rex
1119 511 1154 577 in
1170 535 1251 597 quo·

130 639 192 701 que
214 616 395 702 appellatur
415 615 579 695 examine;
601 613 687 679 hunc
709 635 780 679 esse
801 613 906 678 solum
924 634 1056 691 marem,
1077 613 1253 700 praecipua

129 718 350 807 magnitudine
372 740 413 782 ne
434 717 578 793 fatiscat3
599 714 674 781 ideo
694 715 797 780 fetum
812 714 881 781 sine
895 736 933 780 eo
953 737 1020 780 non
1045 713 1097 779 edi
1119 715 1253 801 apioque

130 819 269 904 reliquas
297 830 461 905 tamquam
488 841 609 883 marem
636 816 772 883 feminas
799 816 961 896 comitari,
993 838 1059 881 non
1090 826 1254 901 tamquam

131 921 256 998 ducem,
279 942 375 1006 quam
396 920 596 1005 probabilem
617 919 695 985 alias
713 919 904 985 sententiam
920 918 1066 984 fucorum
1080 928 1254 1005 proventus

132 1020 289 1108 coarguit.
328 1019 422 1104 Quae
449 1022 533 1088 enim
561 1021 644 1086 ratio
669 1029 707 1084 ut
732 1019 820 1085 idem
846 1020 949 1086 ooitus
977 1019 1056 1086 alios
1083 1020 1253 1107 perfectos,
1267 1032 1300 1079 47

131 1121 330 1208 inperfectos
350 1134 485 1212 generet
506 1123 606 1188 alios?
628 1121 766 1208 Propior
787 1144 864 1188 vero
878 1121 966 1209 prior
981 1122 1182 1189 existumatio
1195 1122 1254 1189 fie-

131 1235 191 1304 ret,
218 1224 254 1290 ni
280 1248 392 1291 rursus
419 1225 482 1291 alia
504 1225 675 1290 difficultas
697 1233 899 1300 occurreret3
933 1224 1054 1311 quippe
1080 1234 1256 1290 nascuntur

132 1326 302 1411 aliquando
323 1327 358 1393 iu
380 1328 533 1394 extremis
553 1326 635 1392 favis
656 1347 736 1412 apes
756 1325 947 1411 grandiores
967 1347 1050 1411 quae
1066 1337 1189 1392 ceteras
1203 1327 1254 1391 fu·

127 1436 220 1514 gant.
258 1426 395 1494 Oestrus
424 1440 558 1496 vocatur
584 1429 646 1494 hoc
671 1427 802 1506 malum,
830 1449 971 1512 quonam
992 1428 1087 1494 modo
1108 1451 1256 1509 nascens,

134 1528 162 1593 si
182 1528 272 1615 ipsae
293 1529 442 1617 fingunt?
480 1529 579 1613 Quod
600 1538 725 1596 eertum
747 1538 805 1608 est,
833 1529 1025 1618 gallinarum
1046 1531 1142 1597 modo
1163 1531 1256 1597 ineu·
1269 1541 1302 1587 ⁴8

133 1630 229 1709 bant3
256 1630 292 1695 id
313 1632 400 1715 quod
421 1634 589 1699 exclusum
610 1641 661 1699 est
681 1631 786 1718 primo
808 1631 1003 1699 vermiculus
1029 1633 1157 1699 videtur
1179 1655 1256 1698 can·

135 1733 240 1813 didus,
262 1734 372 1800 iacens
394 1744 599 1801 transversus
621 1733 862 1818 adhaerensque
883 1734 930 1798 ita
951 1744 990 1798 ut
1009 1757 1086 1820 pars
1101 1757 1192 1801 cerae
1206 1735 1256 1800 vi-

134 1835 263 1901 deatur.¹
292 1834 365 1901 Rex
392 1835 500 1902 statim
527 1835 634 1901 mellei
660 1833 775 1900 coloris
800 1844 838 1898 ut
867 1836 970 1900 electo
998 1835 1076 1900 flore
1103 1859 1144 1901 ex
1171 1835 1257 1900 omni

135 1937 229 2024 copia
248 1937 364 2015 iactus,
386 1959 492 2022 neque
512 1936 707 2002 vermiculus
729 1934 788 2000 sed
809 1935 918 1999 statim
938 1936 1101 2024 pinniger.
1138 1933 1258 2002 Cetera

135 2037 229 2104 turba
250 2060 323 2104 cum
345 2039 481 2104 formam
495 2060 611 2126 capere
626 2035 742 2123 coepit,
765 2037 928 2122 nymphae
942 2048 1107 2115 vocantur,
1129 2047 1167 2102 ut
1179 2037 1256 2118 fuci,

135 2139 259 2207 sirenes
280 2150 337 2205 aut
359 2140 527 2227 cephenes.
565 2137 603 2206 si
625 2138 680 2223 qui
702 2127 876 2203 alterutris
892 2140 998 2225 capita
1021 2140 1128 2205 demat
1148 2139 1257 2225 prius·
1270 2149 1304 2194 ⁴⁹
1357 2174 1363 2184 ,

10 2297 16 2327 ᾗ
42 2309 51 2321 ,,
133 2264 232 2327 quam
252 2241 367 2327 pinnas
388 2238 538 2319 habeant,
567 2260 627 2326 pro
649 2238 833 2325 gratissimo
855 2250 930 2304 sunt
951 2230 1070 2327 pabulo
1091 2240 1258 2307 matribus.

134 2341 293 2427 Tempore
324 2341 520 2426 procedente
552 2339 709 2406 instillant
741 2339 832 2406 cibos
864 2352 960 2426 atque
990 2342 1153 2422 incubant,
1185 2347 1258 2409 'tum

132 2463 283 2506 maxume
303 2453 550 2522 murmurantes,
570 2441 696 2521 caloris,
718 2451 756 2505 ut
769 2453 896 2530 putant,
918 2443 1058 2509 faciendi
1079 2445 1185 2534 gratia
1197 2466 1256 2510 ne·

133 2541 263 2609 cessarii
291 2542 502 2609 excludendis
527 2543 635 2631 pullis,
670 2543 773 2609 donec
806 2545 911 2632 ruptis
936 2547 1141 2626 membranis,
1173 2568 1256 2631 quae

134 2643 277 2732 singulos
300 2644 437 2733 cingunt
457 2668 591 2738 ovorum
612 2645 718 2724 modo,
748 2646 933 2715 universum
960 2671 1078 2738 agmen
1101 2657 1255 2736 emergat.

111 2777 113 2782 ·
132 2739 321 2832 Spectatum
342 2745 403 2814 hoc
424 2746 548 2815 Romae
569 2749 744 2814 consularis
766 2748 935 2815 cuiusdam
956 2749 1151 2828 suburbano,
1174 2749 1256 2816 alvis

133 2868 232 2913 cornu
253 2848 417 2916 lanternae
439 2850 596 2917 tralucido
624 2851 718 2916 factis
724 2873 734 2926 3
761 2850 847 2916 fetus
868 2851 954 2917 intra
974 2874 1050 2918 xnv.
1073 2853 1159 2918 diem
1178 2874 1254 2940 per·
1316 2895 1318 2901 .

132 3020 181 3083 qui,
193 3023 277 3073 RTd.
296 3023 354 3076 Om.
365 3019 395 3086 β.
414 3064 447 3074 ..
464 3022 650 3087 ideo,1a¹d(in
660 3022 770 3087 rasura)
792 3024 874 3088 Tadio,
887 3028 932 3077 ΒΞ.
952 3065 984 3075 ..
1002 3024 1139 3088 catum
1157 3023 1213 3088 edit,
1224 3021 1254 3088 β.

132 3127 165 3137 ..
180 3097 317 3152 proventio,
328 3090 353 3141 R
364 3089 452 3154 (codd
465 3090 535 3154 Gal.)
554 3108 594 3141 ore
605 3099 693 3151 ventre,
706 3095 730 3142 d.

166 3157 235 3219 §⁴⁷-
253 3155 314 3206 alt'oe
323 3159 449 3221 perfector,
462 3173 513 3209 om.
525 3161 550 3209 d.
569 3199 598 3208 ..
618 3158 732 3222 Proprie,
744 3160 776 3209 R.
800 3200 832 3210 ..
854 3159 887 3221 ni,
898 3162 936 3209 d².
960 3175 995 3222 ne,
1006 3159 1038 3210 lt
1061 3174 1110 3221 nec,
1123 3160 1160 3210 d¹.
1178 3198 1210 3208 ..
1233 3159 1258 3209 si

131 3221 199 3287 iprae
206 3239 239 3286 se,
248 3225 281 3274 K.
296 3225 335 3276 At
343 3240 426 3289 neque
435 3228 462 3276 in
470 3229 519 3277 hec
530 3241 614 3290 neque
622 3226 649 3276 in
658 3226 763 3289 vulgata
774 3228 897 3291 scriptura
904 3228 985 3277 iustus
993 3242 1082 3277 sensus
1095 3227 1169 3278 inest
1185 3225 1254 3276 Plin.

132 3291 227 3342 scilicet
242 3295 273 3342 de
290 3295 452 3356 generatione
467 3294 554 3359 apium
570 3297 633 3345 duas
654 3294 740 3345 attulit
760 3296 910 3355 sententias,
935 3295 1041 3345 alteram
1059 3309 1102 3345 eae
1119 3309 1133 3344 e
1149 3292 1254 3346 floribus

131 3359 210 3424 gigni,
222 3361 328 3412 alteram
340 3378 386 3427 per
397 3364 493 3413 coitum
504 3364 587 3412 unius.
605 3361 664 3425 Ipse
680 3361 790 3426 praefert
805 3364 994 3426 generationem
1010 3363 1164 3424 eximitur,
1177 3376 1255 3424 quam

131 3434 217 3477 tamen
229 3430 380 3480 sententiam
390 3446 476 3482 rursus
487 3430 604 3494 redargui
616 3429 677 3480 dicit
687 3431 851 3494 generatione
863 3432 954 3494 oestri3
971 3431 1024 3482 hoc
1039 3431 1107 3481 enim
1125 3430 1223 3482 malum
1239 3444 1254 3481 ο

130 3495 233 3544 floribus
246 3504 312 3546 certe
323 3512 376 3546 non
387 3499 466 3560 gigni,
479 3513 537 3548 cum
549 3499 667 3562 gignatur
678 3498 705 3547 in
717 3499 836 3548 extremis
848 3499 926 3562 alvis3
939 3500 1010 3562 sequi
1021 3499 1112 3562 igitur,
1124 3504 1153 3548 ut
1163 3497 1254 3561 gigna-

131 3567 173 3609 tur
185 3563 216 3610 ab
227 3562 288 3623 ipsis
300 3564 397 3626 apibus,
409 3567 477 3614 unde
487 3579 564 3627 porro
576 3566 656 3628 sequi,
667 3566 744 3615 etiam
760 3573 856 3616 ceteras
867 3580 928 3630 apes
941 3567 1018 3616 uestri
1029 3567 1108 3616 instar
1119 3567 1152 3615 ab
1164 3565 1254 3628 apibus

131 3627 201 3690 fingi.
223 3628 291 3682 Hine
302 3636 373 3691 patet
383 3645 430 3692 pro
442 3629 466 3678 si
475 3631 634 3681 scribendum
646 3634 700 3682 esse'
711 3633 739 3682 ni
746 3632 789 3682 rel
800 3631 854 3695 nabi,
867 3634 938 3682 cuius
951 3634 1110 3683 coniecturae
1121 3632 1254 3682 veritatem

131 3695 217 3745 statim
228 3709 360 3758 agnosces,
372 3696 393 3744 si
404 3695 513 3746 formam
524 3698 621 3759 periodi
632 3699 839 3762 interrogatiram
850 3699 986 3750 mutareris
998 3700 1025 3748 in
1037 3701 1154 3748 aientem.

164 3761 180 3822 ξ
193 3768 233 3813 48.
250 3759 557 3827 pullicorum-incubant3
568 3764 633 3814 haec
644 3766 736 3828 repetit
746 3765 860 3828 Philarg.
872 3768 906 3815 ad
916 3766 995 3829 Verg.
1007 3781 1093 3829 georg.
1107 3771 1130 3825 4,
1143 3770 1201 3816 200.
1220 3804 1253 3816 ..-

127 3829 213 3893 primo,
224 3830 279 3881 Rd.
293 3828 404 3894 primam
415 3824 438 3891 β
441 3843 466 3894 r.
485 3871 517 3880 ..
532 3845 594 3894 pars
604 3847 679 3892 cerea
691 3833 778 3882 Peter.
793 3847 901 3895 pascere,
913 3833 972 3883 libri
983 3829 1011 3896 β.
1029 3835 1070 3883 De
1081 3833 1106 3883 R
1118 3838 1186 3882 tacet
1196 3831 1252 3884 Ian.

131 3897 164 3947 V.
177 3897 296 3950 Schneid.
309 3900 342 3949 ad
351 3898 459 3951 Aristeu
470 3898 531 3950 hist.
543 3899 620 3948 anim·
634 3904 657 3962 5,
668 3904 709 3950 22.
720 3915 746 3964 p.
760 3903 827 3950 554⁸
839 3906 879 3950 21.
891 3901 923 3950 Τ.
935 3899 970 3949 Π.
982 3916 1007 3965 p.
1017 3906 1075 3950 363.
1093 3939 1126 3950 ..
1144 3906 1170 3948 ut
1181 3915 1211 3949 aa
1222 3900 1251 3952 et.

124 3964 225 4097 {wesin
236 3967 349 4032 omntlrue,
359 3967 449 4018 Doleo.
468 4006 500 4018 ..
517 3965 613 4031 ceperit,
624 3969 649 4017 d.
673 4007 705 4016 ..
719 3966 778 4031 suci
787 3982 845 4032 quos
855 3966 974 4032 replente
986 3967 1075 4018 Dalec.
1098 4007 1129 4018 ..
1151 3982 1251 4030 soona,

157 4069 163 4082 .
193 4050 279 4097 maer,
293 4036 317 4085 d.

58 4160 61 4167 Ι
165 4101 233 4161 §ta
251 4100 302 4163 qai,
314 4102 350 4155 ita
361 4117 408 4153 uos
420 4103 468 4154 sori
487 4103 573 4154 simus.
590 4104 614 4166 ᾇ,
626 4103 658 4154 R.
676 4101 737 4166 qua,
747 4098 818 4168 ᾱβγ.
832 4143 864 4153 ..
878 4101 1038 4168 praeedato,
1050 4103 1131 4156 RTd.
1144 4145 1175 4154 -
1194 4110 1250 4166 tum,

132 4166 163 4214 R.
187 4172 253 4227 uoto,
269 4168 323 4218 Td.
347 4169 436 4222 omitt
478 4184 504 4235 γ.
526 4212 558 4222 ..
581 4177 619 4232 ut,
635 4172 667 4222 R.
690 4186 730 4232 aa,
742 4172 767 4223 d.
786 4211 818 4221 ...
836 4171 987 4235 necesaria,
999 4172 1052 4222 Rd.
1072 4213 1101 4224 -
1121 4169 1250 4235 antona,

131 4231 185 4284 Rd.
204 4230 317 4298 latonae,
328 4231 379 4302 βγ.
399 4276 431 4289 ..
450 4236 575 4302 tralucido,
587 4239 619 4290 R.
639 4237 792 4303 traaelmido,
804 4233 875 4304 dssr.
895 4282 926 4290 -
944 4237 1002 4304 doe,
1015 4240 1069 4292 To.
