2896 4800
395 287 466 349 nra.
482 285 542 331 xv.
572 282 650 330 clu.
667 284 767 331 xxm,
799 281 897 330 sncr.
912 284 1003 328 aaa
1195 265 1258 329 419

182 441 233 504 37.
268 436 351 504 Cato
378 436 439 501 tria
460 457 578 522 genera
599 436 697 521 myrti
718 434 877 521 prodidit,
907 435 1048 517 nigram,
1079 432 1321 511 candidam‚1aa

137 540 352 628 coniugulam,
375 537 520 604 fortassis
543 559 562 600 a
584 536 758 625 coniugiis,
789 559 829 602 ex
850 535 905 600 illo
928 532 1101 599 Cluacinae
1122 557 1259 622 genere3

136 663 223 706 nunc
250 649 282 706 et
307 639 369 704 alia
397 637 558 703 distinctio
587 638 708 705 sativae
737 649 793 703 aut
820 635 977 702 silvestris
1005 646 1037 701 et
1063 636 1096 700 in
1125 646 1260 721 utraque

137 742 301 807 latifoliae.
347 740 388 804 In
417 740 554 805 silvestri
583 741 714 826 propria
743 739 967 825 oxymyrsine3
1002 737 1175 803 sativarum
1202 763 1260 825 ge·

137 866 216 909 nera
250 841 377 928 topiarii
410 841 534 906 faciunt
565 841 772 907 Tarentinam
804 840 883 905 folio
914 838 1053 918 minuto,
1086 850 1261 907 nostratem

136 945 260 1032 patulo,
280 943 502 1009 hexasticham
516 942 716 1022 densissimo,
736 943 820 1008 renis
834 941 984 1007 foliorum
998 941 1160 1019 versibus;
1182 941 1261 1008 haec

138 1068 203 1112 non
225 1044 329 1112 estin
350 1069 427 1124 uru3
450 1067 579 1110 ramosa
599 1055 736 1128 utraque
759 1044 830 1109 alia.
864 1041 1081 1132 Coniugulam
1103 1042 1261 1108 existumo

137 1167 225 1211 nunc
245 1155 418 1212 nostratem
440 1146 513 1213 dici.
543 1145 676 1231 Myrtus
696 1144 920 1212 odoratissima
933 1143 968 1208 in
982 1142 1148 1230 Aegypto.
1178 1141 1261 1209 Cato
1276 1160 1323 1204 las

139 1247 250 1313 docuit
280 1248 390 1312 nuum
422 1247 491 1312 fieri
520 1271 538 1313 e
564 1247 659 1334 nigra
686 1247 805 1312 siccata
831 1267 933 1330 usque
960 1245 994 1309 in
1021 1244 1202 1310 ariditatem
1227 1244 1261 1309 in

139 1347 254 1414 umbra
275 1358 371 1433 atque
392 1347 436 1413 ita
457 1359 564 1413 musto
584 1347 703 1423 indita;
726 1347 754 1411 si
773 1368 838 1410 non
852 1346 1011 1411 siccentur
1024 1346 1135 1423 bacae,
1157 1346 1263 1412 oleum

139 1449 240 1538 gigni.
273 1449 392 1515 Postea
414 1460 601 1535 conpertum
623 1459 718 1514 etex
740 1447 812 1513 alba
830 1445 940 1513 vinum
954 1446 1024 1513 fieri
1039 1447 1158 1527 album,
1181 1448 1261 1514 duo·

138 1551 202 1616 hus
223 1550 372 1616 sextariis
392 1551 492 1634 myrti
507 1561 632 1628 tunsae,
654 1551 688 1614 in
709 1549 777 1614 vini
799 1548 903 1614 tribus
924 1548 1062 1614 heminis
1084 1560 1262 1615 maceratae

140 1672 386 1738 expressaeque.
418 1649 513 1715 Folia
534 1661 568 1715 et
587 1672 647 1736 per
668 1673 703 1715 se
726 1650 885 1714 siccantur
905 1649 940 1714 in
960 1649 1097 1714 farinam
1118 1651 1160 1714 ad
1174 1652 1261 1716 ulce-

139 1775 212 1817 rum
231 1751 373 1817 remedia
394 1753 428 1816 in
450 1774 583 1838 corpore
603 1750 753 1829 humano,
777 1751 893 1815 leniter
912 1750 1056 1816 mordaci
1076 1753 1210 1837 pulvere
1226 1774 1263 1817 ac

138 1853 368 1940 refrigerandis
384 1852 563 1917 sudoribus.
592 1849 779 1933 Quinimmo
794 1850 863 1916 oleo
877 1872 1015 1935 quoque,
1031 1853 1147 1917 mirum
1162 1855 1263 1933 dictu,
1277 1866 1325 1911 ¹24

138 1953 224 2018 inest
249 1951 379 2036 quidam
405 1952 472 2016 vini
499 1973 594 2037 sapor
620 1951 779 2035 simulque
805 1951 938 2038 pinguis
963 1952 1068 2034 liquor
1089 1953 1263 2037 praecipua

138 2053 172 2119 vi
194 2052 448 2138 adconigenda
468 2051 558 2131 vina,
589 2051 690 2117 saccis
716 2062 791 2117 ante
820 2051 962 2138 perfusis
969 2075 978 2128 3
1006 2051 1124 2117 retinet
1143 2055 1263 2140 quippe

140 2155 264 2220 faecem
288 2177 348 2219 nec
374 2165 502 2240 praeter
528 2176 646 2240 purum
666 2153 823 2237 liquorem
844 2151 980 2217 transire
1001 2152 1124 2239 patitur
1145 2153 1263 2238 datque

140 2279 176 2322 se
202 2257 350 2324 comitem
376 2256 550 2342 praecipua
575 2255 835 2322 conmendatione
860 2254 993 2339 liquato.
1029 2255 1153 2342 Virgae
1181 2278 1262 2340 qno-

140 2379 204 2443 que
226 2359 296 2422 eius
317 2367 464 2445 gestatae
485 2358 581 2424 modo
601 2356 716 2424 viatori
737 2366 873 2443 prosunt
893 2357 928 2421 in
949 2357 1046 2444 longo
1067 2357 1182 2424 itinere
1203 2381 1262 2445 pe-

140 2459 199 2525 diti
206 2484 222 2536 ;.
247 2459 326 2543 quin
355 2469 387 2525 et
416 2458 519 2548 virgei
545 2458 633 2526 anuli
666 2469 814 2545 expertes
844 2458 921 2524 ferri
949 2459 1119 2545 inguinum
1147 2460 1264 2526 tumori

140 2561 320 2628 medentur.

182 2663 235 2728 38.
266 2660 399 2728 Belliois
425 2685 553 2749 quoque
582 2685 617 2729 se
645 2662 743 2728 rebus
771 2662 907 2728 inseruit
932 2663 1195 2750 triumphansque
1221 2664 1262 2728 dc
1277 2677 1325 2724 ιιι

140 2758 271 2829 Sabinis
285 2763 473 2832 Postumius
486 2765 651 2832 Tubertus
666 2764 700 2829 in
717 2767 894 2844 consulatu,
909 2765 964 2850 qui
982 2767 1106 2853 primus
1120 2767 1263 2833 omnium

140 2982 223 3018 exerc.
239 2984 265 3032 p.
278 2976 336 3020 314.
348 2987 371 3022 a.
388 2972 427 3032 R,
443 2967 472 3031 β.
490 3011 523 3022 ..
547 2971 658 3036 Myrtea,
676 2972 700 3020 d.
720 3011 751 3019 ..
774 2970 910 3033 Murciam,
927 2973 1031 3022 Barbar.
1049 2981 1074 3023 et
1091 2975 1163 3023 codd.
1181 2974 1260 3024 Hard.

139 3033 267 3098 Martiam,
279 3037 323 3087 alii
335 3039 407 3088 codd.
420 3039 498 3088 eiusd.
516 3039 634 3104 myrtiam,
646 3040 721 3089 Tad.
739 3039 860 3102 myrciam,
877 3032 905 3091 θ.

174 3101 259 3163 5122.
286 3101 345 3154 Cato
357 3106 499 3156 deremet
512 3112 536 3156 8.
552 3113 607 3158 133.
625 3147 656 3155 -
676 3107 771 3163 eaad.
800 3113 830 3166 ei,
847 3099 904 3155 θΤ·
924 3146 955 3155 -
980 3105 1126 3169 lait'fhlt'adu
1156 3105 1260 3170 latifolii,

140 3170 165 3218 (1.
182 3211 214 3220 -
232 3171 390 3235 peroratione,
402 3173 433 3222 Τ.
452 3213 483 3223 -
497 3172 580 3237 paulo,
598 3176 623 3223 d.
642 3214 673 3223 ..
695 3170 865 3233 hexasticham,
878 3172 904 3223 S.
928 3172 1065 3235 masticem,
1078 3191 1100 3223 a.
1124 3173 1261 3236 erAfricu,

140 3236 194 3286 Td.
218 3238 340 3300 metitum,
356 3236 386 3300 β.
405 3280 436 3288 -
454 3239 556 3302 seminia,
572 3244 631 3292 ad'.
650 3282 681 3290 -
700 3238 825 3302 haeqad.
848 3235 939 3302 horst.
958 3281 991 3290 ..
1008 3243 1148 3303 ναηιοεα,11.
1172 3257 1260 3302 ramos,

138 3303 206 3354 Da².
228 3321 338 3368 summm,
350 3309 386 3357 ι’.
405 3348 436 3356 ..
454 3314 554 3371 unaque
571 3307 596 3357 in
612 3308 663 3358 alia
679 3307 751 3370 (dein
763 3309 874 3372 spatium
886 3310 991 3358 duarum
1003 3306 1165 3370 litterarum),
1178 3325 1200 3359 a.
1223 3317 1261 3357 ut·

140 3371 292 3434 patefactio,
306 3375 330 3422 d.
354 3381 397 3422 aut
407 3390 451 3437 que
467 3374 492 3423 in
508 3374 583 3438 ltalia,
594 3378 628 3427 D.
654 3378 796 3438 vulgatam
813 3391 866 3425 non
882 3377 975 3437 Plinio,
993 3378 1037 3426 scd
1051 3377 1159 3427 librariis
1175 3378 1259 3427 deberi

138 3438 191 3487 iam
207 3442 299 3490 mirum
310 3442 374 3492 illud
385 3442 549 3506 anapaestis
560 3447 642 3495 docet.
660 3445 763 3495 Collato
775 3458 835 3494 vero
848 3445 1027 3507 Theophrasto
1040 3446 1071 3493 de
1084 3460 1152 3496 caus.
1165 3445 1200 3508 pl.
1210 3445 1258 3495 VI.

140 3508 181 3565 18,
195 3509 227 3565 9.,
243 3507 287 3568 qui
302 3522 382 3569 genus
399 3511 503 3572 aliquod
514 3521 655 3575 myrtorum
666 3509 894 3577 dauvwds'orapov
908 3513 975 3572 dicit,
987 3511 1095 3564 fortasse
1106 3528 1202 3561 ramosa
1213 3513 1260 3561 ati·

139 3586 184 3650 que
195 3570 220 3619 iu
231 3569 308 3650 Itqlio
320 3575 479 3625 scribendum
491 3586 536 3638 est,
554 3594 708 3643 quamquam
726 3581 787 3628 certi
802 3580 900 3643 aliquid
910 3579 1016 3642 proferri
1026 3581 1071 3630 rix
1082 3589 1174 3645 potest.
1196 3583 1259 3630 Par·

139 3638 217 3688 ucula
233 3646 313 3702 caque
324 3642 436 3691 Plinium
451 3650 507 3692 tum
522 3647 682 3708 potissimum
695 3647 740 3706 uti,
759 3661 818 3696 cum
830 3647 907 3695 alicui
918 3647 954 3696 rei
966 3649 1143 3710 proprietatem
1155 3649 1258 3710 tribnat,

140 3721 190 3820 qna
206 3706 238 3755 ab
255 3708 453 3784 aliisbsimilihus
470 3712 545 3762 rebus
562 3713 673 3775 differat,
696 3717 771 3763 docet
788 3715 867 3763 index
882 3714 1023 3763 verborum.
1043 3756 1074 3764 -
1100 3713 1257 3780 Coniupalem,

170 3773 244 3822 Tad.
263 3814 294 3822 ..
312 3790 345 3835 m,
358 3778 399 3825 dr.
417 3783 453 3824 est
464 3776 496 3838 ia,
507 3773 537 3840 β.
555 3779 586 3829 In
598 3797 613 3831 a
624 3790 663 3831 est
674 3783 785 3845 spatium
797 3782 903 3830 duarum
914 3782 1061 3832 litterarum.

173 3839 257 3900 5123.
279 3839 338 3890 cato
354 3844 385 3891 da
401 3858 428 3892 re
445 3852 575 3896 rust125.
594 3888 626 3896 -
644 3856 726 3911 musto,
742 3849 831 3898 Ta¹d.
854 3845 936 3908 mulso,
952 3845 1015 3909 ε’ὶβ.
1037 3850 1071 3900 V.
1085 3850 1174 3901 (laton.
1188 3853 1219 3901 de
1230 3867 1257 3903 re

137 3916 199 3959 rust
214 3914 270 3959 125.
290 3950 321 3958 ..
338 3909 408 3974 pioni
418 3919 504 3974 postea
520 3922 667 3977 comperiar,
679 3917 765 3967 Klotz.
782 3917 809 3964 in
821 3914 906 3966 Iahnii
921 3915 1012 3966 horreo
1027 3922 1257 3982 imprecantur

138 3993 213 4028 usum
224 3977 308 4028 Plinii.
331 3978 416 4028 Locus
432 3978 537 4031 Catonis
553 3997 606 4031 non
622 3984 732 4048 amplius
749 3990 841 4046 exstat,
859 3985 928 4047 quod
943 3984 1005 4034 item
1015 3986 1125 4037 vidimus
1137 3990 1152 4053 ξ
1164 3992 1205 4038 44.
1217 3999 1255 4038 ’-

130 4043 229 4106 farina,
240 4048 286 4095 ad.
304 4044 341 4095 At
351 4061 375 4096 r.
388 4047 421 4096 ad
433 4052 473 4106 82,
488 4052 544 4097 lll.

172 4113 256 4189 5124.
270 4110 372 4190 liquato,
385 4116 429 4164 ad.
457 4113 637 4177 limaturam
664 4114 789 4182 liquorum,
805 4119 852 4169 D'.
872 4160 903 4170 ...
920 4115 1108 4185 modaorac.
1135 4120 1256 4187 monast.

139 4218 171 4228 ..
188 4193 253 4242 verpe
264 4179 343 4240 acuti,
355 4184 392 4231 a¹.
410 4181 444 4231 V.
456 4183 522 4233 Plin.
535 4184 621 4235 Valet.
634 4189 658 4244 2,
670 4190 711 4235 43.

172 4248 187 4311 §
201 4252 256 4296 125.
272 4246 375 4310 positum
386 4247 430 4312 im,
443 4264 466 4299 a.
