2896 4800
185 241 247 304 976
536 253 741 304 sarnanum
763 253 959 303 ursronmn

187 409 262 476 solis
285 407 463 486 ardoribus,
486 407 627 493 itemque
650 430 724 472 cum
749 405 872 485 sitiunt,
899 406 1084 494 inexplebili
1105 417 1193 493 potu.
1219 404 1310 473 Con-

187 522 251 576 stat
278 520 311 575 et
337 519 469 595 septena
498 508 618 575 caudae
647 509 828 573 internodia
854 508 999 573 saeviora
1035 530 1124 586 esse3
1160 506 1310 593 pluribus

186 611 270 676 enirn
298 633 374 676 sena
402 620 486 675 sunt.
523 609 598 674 Hoc
625 609 744 674 malum
765 608 898 674 Africae
926 609 1055 674 volucre
1086 610 1181 674 etiam
1208 609 1311 673 austri

185 713 314 789 faciunt,
336 710 552 797 pandentibus
574 710 723 777 bracchia
743 721 780 774 ut
800 709 935 798 remigia
957 710 1180 788 sublevantcs3
1202 710 1310 795 Apol-

154 856 158 863 ·
186 814 315 880 lodorus
336 813 423 879 idern
445 814 540 898 plane
564 812 757 897 quibusdam
784 811 888 876 inesse
915 812 1030 898 pinnas
1059 811 1165 876 tradit.
1202 808 1311 898 Saepe
1325 831 1357 876 ss

185 915 299 1001 Psylli,
327 914 384 1000 qui
405 913 602 998 reliquarum
623 936 747 979 venenu
769 923 925 978 terrarum
947 913 1135 979 invehentes
1156 917 1312 997 quaestus

186 1018 237 1082 sui
259 1039 356 1083 causa
377 1013 556 1103 peregrinis
578 1014 672 1079 malis
692 1014 856 1099 inplevere
877 1013 1014 1093 Italiam,
1036 1015 1096 1079 hos
1111 1037 1238 1099 quoque
1259 1015 1311 1078 in-

186 1129 315 1206 portare
338 1116 444 1183 conati
467 1126 557 1191 sunt3
587 1115 645 1181 sed
673 1115 781 1180 vivere
813 1115 899 1179 intra
921 1112 1023 1181 Siculi
1045 1115 1125 1180 caeli
1146 1115 1312 1204 regionem
1372 1127 1375 1136 ’

185 1243 250 1286 non
271 1229 425 1306 potuere3
462 1217 611 1282 visuntur
633 1227 741 1283 tamen
763 1217 934 1300 aliquando
956 1217 991 1280 in
1011 1216 1116 1296 Italia,
1140 1214 1197 1282 sed
1216 1217 1310 1283 iuno-

186 1323 249 1403 cui,
277 1320 451 1404 multisque
474 1318 545 1383 aliis
567 1318 601 1381 in
629 1319 721 1397 locis,
749 1329 786 1384 ut
813 1319 897 1383 circa
918 1317 1061 1383 Pharum
1089 1319 1123 1383 in
1144 1318 1311 1407 Aegypto.

186 1424 227 1489 In
250 1421 386 1508 Scythia
407 1420 594 1485 interimunt
620 1419 717 1484 etism
739 1442 814 1485 sues
837 1419 978 1504 alioquin
998 1419 1177 1484 vivaciores
1199 1426 1312 1485 contra
1326 1437 1359 1483 ao

186 1548 310 1591 venena
333 1521 419 1601 talia,
442 1522 552 1610 nigras
575 1521 705 1605 quidem
728 1521 874 1601 celerius,
899 1522 927 1587 si
947 1521 982 1585 in
996 1543 1112 1605 aquam
1135 1543 1169 1588 se
1190 1521 1311 1587 inmer-

188 1627 298 1694 serint.
335 1621 468 1689 Homini
491 1623 554 1689 icto
576 1632 708 1709 putatur
730 1645 800 1689 esse
822 1623 963 1690 remedio
984 1623 1128 1709 ipsorum
1150 1622 1230 1688 cinis
1251 1646 1311 1710 po-

188 1739 240 1793 tus
261 1729 296 1792 in
318 1726 404 1791 vino.
425 1723 583 1812 Magnam
605 1724 831 1790 adversitatem
852 1725 922 1790 oleo
935 1724 1051 1790 mersis
1066 1735 1098 1789 et
1113 1723 1311 1789 stellionibus

187 1839 303 1916 putant
330 1850 412 1906 esse,
442 1826 588 1892 innocuis
615 1827 782 1892 dumtaxat
806 1826 848 1891 iis
875 1826 932 1911 qui
959 1837 991 1891 et
1016 1826 1081 1912 ipsi
1110 1835 1219 1891 carent
1242 1847 1311 1889 san-

188 1929 306 2016 guine,
333 1931 525 1994 lacertarum
551 1928 672 2016 figura,
701 1939 798 2011 atque
828 1928 1014 2013 scorpiones
1041 1927 1076 1991 in
1102 1937 1206 1992 totum
1232 1926 1311 1992 nulli

188 2053 304 2097 nocere
331 2030 450 2115 quibus
477 2053 541 2095 non
572 2029 615 2094 sit
637 2031 777 2118 sanguis.
816 2028 959 2111 Quidam
987 2040 1020 2095 et
1044 2030 1085 2095 ab
1106 2029 1188 2116 ipsis
1209 2028 1312 2093 fetum
1325 2045 1357 2088 or

190 2133 336 2199 devorari
358 2133 569 2210 arbitrantur3
596 2155 696 2196 unum
721 2132 818 2196 modo
846 2131 984 2216 relinqui
1006 2129 1254 2197 sollertissimum
1278 2138 1312 2193 et

190 2235 246 2320 qui
270 2257 304 2300 se
326 2233 428 2320 ipsius
450 2234 561 2298 matris
584 2231 731 2298 clunibus
752 2233 934 2319 inponendo
956 2243 1045 2298 tutus
1068 2243 1099 2298 et
1120 2230 1257 2297 acauda
1278 2243 1312 2294 et

193 2359 213 2403 a
233 2358 342 2401 morsu
362 2335 434 2400 loco
454 2336 527 2410 fiat;
550 2334 636 2400 hunc
654 2357 724 2400 esse
745 2335 943 2419 reliquorum
964 2335 1099 2401 ultorem
1115 2334 1171 2418 qui
1185 2342 1312 2420 postre-

191 2459 244 2503 mo
265 2435 428 2522 genitores
454 2457 591 2520 superne
614 2435 770 2516 conficiat.
791 2435 968 2501 Pariuntur
989 2447 1097 2501 autem
1116 2433 1247 2500 undeni.

234 2534 370 2600 XXVI.
392 2536 445 2598 31.
469 2533 741 2601 Chamaeleonum
764 2537 923 2603 stelliones
944 2537 978 2602 bi
999 2536 1233 2622 quodammodo
1253 2558 1311 2599 na-

193 2648 298 2701 turam
319 2635 447 2712 habent,
469 2657 542 2700 rore
565 2646 689 2700 tantum
709 2637 855 2704 viventes
876 2649 1065 2725 praeterque
1087 2637 1223 2703 araneis.

234 2739 286 2803 32.
308 2734 431 2802 Similis
447 2735 565 2823 cicadis
579 2737 655 2815 vita,
672 2759 807 2822 quarum
822 2741 885 2805 duo
900 2763 1036 2829 genera:
1060 2740 1209 2818 minores,
1231 2760 1312 2824 quae
1327 2753 1359 2798 aa

192 2839 314 2926 primae
335 2838 529 2925 proveniunt
550 2849 583 2904 et
603 2840 796 2907 novissimae
818 2852 969 2929 pereunt3
999 2853 1076 2907 sunt
1104 2852 1215 2909 autem·
1240 2862 1312 2905 mu-

196 2953 255 3008 tae.
280 2939 494 3028 Sequensest
514 2941 660 3008 volatura
674 2965 712 3008 ea
733 2966 816 3028 quae
830 2954 972 3021 -canunt3
995 2953 1150 3010 vocantur
1171 2943 1311 3018 achetae,

225 3154 240 3218 §
253 3158 293 3203 88.
312 3151 453 3218 inexpleali,
470 3148 547 3207 OTd.
565 3154 712 3221 inexplebile,
724 3155 756 3204 R.
774 3150 931 3216 inexplebiles,
942 3150 992 3217 βγ.
1007 3194 1038 3203 ..
1047 3161 1140 3218 petuas,
1152 3153 1184 3202 R.
1198 3191 1229 3202 ..
1248 3149 1313 3199 volu-

191 3235 249 3280 cres,
262 3223 286 3270 d.
306 3261 337 3270 ..
353 3219 486 3286 pandentes
498 3225 532 3274 br.
544 3231 571 3272 ut
581 3225 686 3290 remipia
699 3223 787 3273 Dalec
806 3261 837 3270 ..
852 3219 929 3285 pleae,
943 3217 971 3271 θ.

225 3307 240 3369 ξ
253 3311 292 3355 89.
306 3315 429 3365 'neumam
441 3301 470 3366 β.
489 3345 521 3354 -
540 3306 700 3370 impleverunt,
713 3308 737 3355 d.
756 3346 787 3354 -
805 3303 923 3367 Pharum,
934 3320 959 3355 v.
971 3305 1079 3356 Aristot.
1091 3306 1108 3354 l.
1120 3305 1137 3353 l.
1151 3309 1174 3363 8,
1187 3307 1227 3351 99.
1240 3300 1295 3350 init.

226 3391 295 3452 590.
316 3385 398 3449 Corio,
414 3389 482 3439 Pint.
501 3404 534 3439 ex
549 3390 657 3442 Aristot.
676 3431 707 3440 ..
732 3405 815 3453 qaam,
827 3391 858 3440 R.
878 3431 910 3440 -
928 3388 1072 3451 immerserit,
1083 3387 1136 3436 Bd.
1155 3427 1187 3435 ..
1204 3384 1314 3446 Homini,

86 3460 88 3466 '
192 3457 299 3506 om.R¹.
325 3497 355 3504 -
376 3463 486 3518 potatus,
503 3473 522 3506 r.
546 3498 577 3506 ..
600 3456 643 3506 ssd
656 3456 729 3520 stell,
746 3459 799 3508 Rd.
823 3498 855 3508 -
880 3465 933 3522 toto,
946 3461 971 3509 d.
989 3498 1021 3508 ..
1039 3451 1182 3517 nullam.
1200 3451 1313 3514 nonnulli,

191 3523 236 3574 nt
255 3522 333 3584 nullt's,
344 3524 445 3584 Dalec,
458 3526 533 3573 codd.
546 3522 584 3588 (l)
596 3527 676 3576 Hard.
687 3541 714 3591 γ.
733 3566 765 3575 ..
783 3541 887 3587 coenae,
900 3527 924 3576 d.

225 3611 293 3674 591.
312 3606 452 3672 imponendi,
464 3611 509 3660 Rl.
528 3651 560 3660 -
580 3617 647 3673 totus,
659 3612 726 3661 R'd.
745 3653 776 3661 ..
795 3608 927 3671 multorum,
938 3611 970 3662 R.
989 3651 1021 3660 ..
1039 3625 1168 3674 supremus,
1179 3609 1269 3659 Dalec.
1282 3649 1314 3657 ..

190 3676 331 3797 maletat,-
336 3676 509 3806 dargznplz’cisstgt,
521 3679 553 3730 R.
567 3720 599 3731 ..
612 3678 644 3743 lu‘,
656 3681 681 3730 R
690 3673 767 3730 OTd.
782 3679 870 3730 Omitt.
879 3674 929 3743 βγ.
940 3719 971 3728 ..
987 3675 1168 3745 Chamaeleon&
1175 3674 1314 3738 stellionum,

226 3833 241 3894 §
254 3837 295 3882 92.
313 3829 444 3893 locastae,
456 3831 482 3881 K
494 3829 580 3894 (codd.
592 3829 682 3892 Rern.)
700 3873 731 3882 -
751 3830 845 3892 multae,
857 3832 889 3881 R.
908 3871 940 3880 -
958 3828 1069 3879 volanae
1080 3846 1111 3879 eo
1121 3845 1189 3894 quoe,
1201 3831 1224 3879 d.
1248 3825 1315 3876 vola-

193 3903 231 3946 tur
242 3914 333 3962 oquae,
348 3899 395 3948 13¹.
418 3897 513 3947 volatur
530 3915 559 3949 ea
575 3916 648 3963 quae,
664 3900 710 3949 13².
732 3898 812 3949 volsas
827 3915 903 3960 roru,·
914 3913 987 3961 quae,
1000 3900 1075 3948 codd.
1085 3899 1201 3958 Barbari,
1211 3891 1262 3960 βγ.
1280 3897 1316 3946 Et

191 3962 303 4013 wloturn
314 3967 417 4028 quidem
428 3968 550 4030 praetulit
561 3968 612 4018 ium
622 3967 744 4018 Schneid.
753 3968 788 4016 ad
796 3967 897 4018 Colum.
907 3965 983 4016 VIII.
994 3971 1017 4027 9,
1031 3972 1054 4016 1.
1067 3974 1092 4016 et
1104 3968 1137 4016 ad
1147 3965 1255 4016 Aristot.
1267 3964 1284 4013 l.
1297 3965 1315 4013 l.

193 4034 218 4092 5,
230 4037 270 4082 30.
284 4034 315 4081 Τ.
328 4033 363 4082 11.
376 4048 400 4097 p.
414 4040 472 4084 381.
500 4075 532 4084 ..
558 4035 711 4096 canant,R¹.
733 4041 839 4093 cantant,
851 4051 871 4085 r.
899 4074 930 4083 ..
958 4032 1133 4095 alermus.
1160 4027 1315 4092 maest.

192 4096 293 4159 teletae,
305 4100 395 4151 Doleo.
407 4101 451 4152 Slc
463 4101 539 4151 etiam
550 4103 624 4153 iufra.
639 4142 670 4152 ..
683 4100 732 4164 sed,
745 4104 768 4151 d.
782 4142 814 4151 ..
827 4101 872 4164 lis,
883 4104 908 4153 R
916 4095 967 4152 θᾱ.
985 4101 1026 4160 ea,
1037 4095 1067 4163 β.
1080 4142 1112 4151 ..
1126 4109 1159 4150 tet
1187 4100 1251 4161 onio,
1263 4102 1315 4151 Rd.

193 4165 336 4229 tuapooioe,
349 4169 423 4218 codd.
435 4168 552 4232 Barbari,
563 4165 614 4234 βγ.
633 4210 665 4219 ..
683 4185 790 4231 sonorae,
803 4171 858 4221 Td.
871 4209 903 4219 ..
921 4168 1033 4234 compti,
1044 4169 1113 4220 Pint.
1128 4170 1153 4219 R
1188 4186 1208 4220 r.
1235 4183 1316 4217 corru-

190 4234 246 4300 ptis,
259 4234 311 4284 Td.
329 4235 451 4298 correptet,
462 4231 492 4298 β.
511 4237 633 4302 conceptis,
645 4239 733 4287 Petuv.
746 4252 786 4301 up.
798 4238 897 4289 Broter.
910 4251 935 4301 r.
953 4236 1003 4286 eius
1014 4243 1081 4285 utero
1092 4233 1202 4299 collectis,
1213 4237 1301 4288 Dalec.
