2896 4800
398 285 467 332 nm.
484 284 533 329 1x.
564 282 642 328 car.
659 281 790 327 v-vu.
819 279 916 327 sacr.
932 282 995 323 4-6.
1194 264 1255 328 145

135 434 280 523 principe
286 459 295 512 3
319 445 452 500 venerat
473 442 541 498 tum
555 431 784 498 exaedificante
805 453 843 497 eo
864 441 1003 518 portum,
1025 430 1160 498 invitata
1173 454 1254 497 nau·

134 537 245 627 fragiis
269 545 434 623 tergorum
454 535 663 600 advectorum
685 529 824 598 eGallia
846 531 1031 615 satiansque
1052 553 1087 596 se
1105 555 1164 617 per
1179 547 1255 599 cona

134 638 235 727 pluris
262 636 331 702 dies
360 638 487 702 alveum
516 634 551 699 in
572 634 655 699 vado
677 635 868 712 sulcaverat,
896 631 1088 697 attumulata
1107 631 1256 700 fluctibus

134 740 169 805 in
191 748 315 811 tantum
335 748 374 803 ut
393 735 568 822 circumagi
589 735 676 802 nullo
697 734 793 800 modo
807 745 931 820 posset
959 744 992 797 et
1013 734 1091 798 dum
1112 733 1257 820 saginam

134 840 342 927 persequitur
369 837 507 904 inlitus
534 835 685 902 fluetibus
706 835 861 922 propulsa
883 835 1038 901 emineret
1058 835 1152 900 dorso
1174 835 1256 900 mul·

135 952 204 1006 tum
226 962 326 1026 supra
345 961 447 1024 aquas
469 938 595 1003 carinae
609 937 714 1003 vicem
727 958 851 1002 versae.
873 934 1047 1002 Praetendi
1060 934 1155 1001 iussit
1171 933 1256 1000 Cae·
1272 952 1302 997 ιι

136 1064 189 1107 sar
209 1042 324 1128 plagas
345 1039 529 1127 multiplicis
550 1038 634 1104 inter
655 1061 712 1106 ora
730 1047 844 1125 portus
859 1037 1084 1124 profectusque
1099 1037 1170 1123 ipse
1184 1060 1259 1104 cum

134 1140 346 1230 praetorianis
367 1140 552 1208 cohortibus
571 1140 690 1227 populo
705 1139 850 1206 Romano
862 1138 1083 1226 spectaculum
1096 1137 1258 1224 praebuit,

119 1247 264 1312 lanceas
294 1252 489 1330 congerente
518 1241 619 1307 milite
641 1264 660 1306 e
681 1239 822 1328 navigiis
847 1239 1094 1317 adsultantibus,
1123 1261 1259 1324 quorum

135 1367 237 1411 unum
256 1345 360 1431 mergi
380 1343 521 1410 vidimus
541 1342 656 1409 reflatu
677 1341 793 1408 beluae
814 1341 982 1428 oppletum
1002 1341 1101 1407 unda
1156 1398 1160 1404 .
1247 1374 1249 1379 ·

179 1447 210 1511 6.
234 1443 304 1511 Ora
325 1444 478 1511 balaenae
499 1444 619 1510 babent
640 1443 675 1508 in
696 1443 856 1510 frontibus
876 1443 1014 1529 ideoque
1030 1464 1158 1509 summa
1175 1464 1259 1528 aqua
1273 1457 1304 1505 lc

136 1555 282 1615 natantes
303 1546 339 1610 in
360 1545 496 1613 sublime
510 1545 636 1614 nimbos
651 1544 775 1622 efflant3
812 1544 892 1611 VII.
914 1545 1038 1632 spirant
1057 1554 1165 1611 autem
1180 1567 1258 1612 con-

135 1647 274 1713 fessione
295 1647 436 1715 omnium
458 1657 492 1712 et
512 1646 706 1732 paucissima
727 1645 791 1712 alia
810 1645 845 1711 in
865 1646 947 1711 mari
962 1667 1045 1731 quae
1059 1646 1259 1713 internorum

136 1748 297 1815 viscerum
317 1749 503 1834 pulmonem
524 1747 652 1827 habent,
675 1748 825 1832 quoniam
844 1747 912 1812 sine
935 1768 973 1813 eo
995 1747 1120 1833 spirare
1141 1747 1260 1813 animal

136 1849 259 1915 nullum
286 1859 433 1936 putatum
461 1872 522 1914 nec
549 1849 687 1935 piscium
715 1848 885 1915 branchias
911 1848 1060 1913 habentis
1081 1847 1259 1913 anhelitum

136 1951 272 2017 reddere
293 1973 331 2017 ac
351 1974 411 2038 per
431 1951 513 2016 vicis
533 1950 681 2035 recipere
697 1949 893 2014 existumant
905 1970 1043 2033 quorum
1056 1949 1137 2014 haec
1150 1949 1260 2036 opinio

138 2061 198 2128 est,
220 2072 281 2117 nec
302 2052 405 2117 multa
426 2051 489 2118 alia
509 2073 630 2136 genera
659 2049 757 2114 etiam
777 2047 937 2115 branchiis
959 2049 1110 2128 carentia,
1140 2049 1175 2114 in
1195 2072 1262 2133 qua

137 2152 296 2218 sententia
316 2152 416 2217 fuisse
437 2149 648 2217 Aristotelem
669 2150 763 2215 video
790 2158 824 2215 et
849 2148 959 2217 multis
979 2149 1179 2233 persuasisse
1201 2150 1260 2214 do·

137 2252 241 2317 ctrina
261 2251 413 2340 indignis.
435 2250 506 2316 Nec
526 2273 578 2316 me
599 2229 747 2336 protintss
767 2249 844 2316 huic
865 2249 1009 2335 opinioni
1031 2271 1143 2316 eorum
1164 2261 1305 2316 acce-1⁷

137 2351 216 2418 dere
236 2351 317 2416 baut
345 2349 522 2439 dissimulo,
549 2351 758 2435 quoniamst
784 2351 972 2436 pulmonum
997 2351 1068 2418 vice
1095 2350 1159 2416 alia
1182 2373 1259 2438 pos·

138 2462 215 2518 sunt
240 2451 405 2539 spirabilia
431 2452 537 2519 inesse
564 2451 689 2519 viscera
715 2452 763 2518 ita
785 2451 912 2519 volente
932 2463 1059 2532 natura,
1089 2453 1174 2519 sicut
1198 2474 1260 2539 pro

137 2551 294 2642 sanguine
315 2562 364 2618 est
383 2552 491 2619 multis
512 2553 593 2619 alius
614 2575 716 2621 umor.
753 2553 796 2619 In
815 2576 916 2640 aquas
939 2554 1070 2640 quidem
1090 2565 1259 2642 penetrare

136 2655 268 2722 vitalem
287 2653 374 2720 hunc
394 2655 531 2721 halitum
552 2656 624 2742 quis
645 2656 791 2736 miretur,
819 2656 876 2741 qui
904 2655 1000 2722 etiam
1028 2657 1121 2723 reddi
1146 2658 1188 2724 ab
1208 2657 1259 2723 his

137 2778 211 2822 eum
236 2764 346 2821 cernat
373 2756 469 2822 etin
494 2766 598 2824 terras
626 2779 754 2844 quoque
786 2768 876 2825 tanto
908 2758 1093 2846 spissiorem
1124 2770 1258 2824 naturae

136 2865 260 2942 partem
279 2867 449 2942 penetrare
470 2868 660 2946 argumento
682 2860 865 2925 animalium
886 2881 969 2944 quae
990 2883 1118 2946 semper
1131 2861 1259 2926 defossa

137 2956 257 3035 vivont,
278 2980 339 3023 ceu
353 2959 480 3042 talpae?
500 2959 673 3024 Accedunt
687 2961 774 3045 apud
789 2983 840 3025 me
862 2972 949 3027 certe
971 2961 1116 3028 efficacia
1135 2972 1305 3027 utere-18

138 3059 213 3123 dam
234 3056 331 3123 etiam
351 3058 458 3124 omnia
483 3059 517 3122 in
546 3060 638 3142 aquis
665 3060 787 3146 spirare
808 3071 942 3128 naturae
964 3084 1042 3128 suae
1064 3071 1161 3140 sorte,
1190 3062 1258 3148 pri-

138 3246 198 3282 orca
208 3247 261 3283 non
271 3242 338 3284 recte
350 3236 442 3286 dicitur
452 3235 570 3300 persequi
581 3233 705 3301 supinam
717 3235 777 3287 hinc
785 3233 924 3301 propulsum
935 3237 1080 3301 legendum.
1093 3276 1125 3287 -
1138 3234 1259 3298 eminente,

136 3302 225 3352 Dalee.
243 3343 275 3352 ..
293 3318 376 3367 supra,
388 3305 421 3355 R.
438 3320 517 3368 super,
530 3298 581 3366 ‹1ss.
599 3345 632 3354 ..
649 3304 700 3353 vice
711 3319 799 3367 vasae,
811 3304 843 3355 R.
867 3303 939 3354 visan
950 3304 1065 3366 invasae,
1077 3307 1101 3356 d.
1127 3304 1200 3354 umam
1211 3303 1259 3355 ba·
1289 3353 1292 3359 .

136 3369 198 3421 bant
209 3371 285 3421 etiam
297 3373 373 3422 codd.
385 3388 425 3438 ap.
439 3373 602 3438 Oudendorp.
614 3374 648 3422 ad
658 3372 756 3438 Appul.
768 3381 829 3424 met.
840 3389 865 3438 p.
878 3377 920 3423 46.
931 3376 963 3424 de
974 3375 1094 3439 proxima
1103 3389 1167 3424 voce
1181 3373 1259 3424 silen-

137 3443 197 3488 tem.
215 3437 266 3486 viee
276 3439 390 3500 invasae,
401 3437 454 3505 βγ.

171 3507 239 3566 515.
256 3504 395 3567 Ρναατεηᾶἰ,
406 3509 438 3557 R.
455 3507 579 3569 Proteadi,
594 3500 645 3559 θᾱ.
664 3551 695 3560 ..
715 3526 779 3572 cras,
790 3527 810 3561 r.
830 3551 861 3561 ..
880 3509 961 3574 picta,
972 3510 1062 3561 Ambr.
1075 3510 1110 3559 H.

171 3572 240 3633 51⁶·
257 3586 319 3632 (ΨΘ
330 3576 398 3632 “21³⁸
416 3590 501 3638 aquae,
514 3579 538 3626 d
557 3577 675 3629 Ceterum
687 3593 711 3626 u.
723 3578 831 3629 Aristot
843 3580 901 3628 hist.
913 3579 990 3628 anim.
1004 3586 1027 3638 1,
1042 3585 1065 3628 5.
1077 3593 1103 3641 p.
1116 3575 1185 3628 4891>
1198 3583 1221 3626 4.
1234 3583 1260 3626 et

136 3644 202 3703 part.
214 3636 291 3686 anim.
304 3643 329 3697 4,
342 3644 382 3688 1³.
394 3654 419 3702 p.
432 3645 499 3691 697α
511 3649 552 3693 24.
565 3683 596 3692 -
609 3641 760 3707 adnatantes,
772 3661 792 3694 r.
806 3684 838 3694 -
855 3645 945 3693 nimbos
956 3645 981 3692 ia
992 3643 1098 3704 sublime,
1110 3645 1134 3693 d.
1148 3683 1180 3692 ..
1198 3641 1260 3704 alta,

141 3699 170 3755 θ.
189 3745 221 3755 ..
244 3702 340 3768 spirare
351 3704 443 3753 cndncl
452 3706 540 3756 nullum
548 3715 658 3771 putatur,
669 3712 754 3761 RTd.
777 3709 835 3760 null.
847 3727 887 3760 aa.
896 3718 949 3773 put.
961 3726 1006 3773 sp,
1017 3706 1070 3774 βγ.
1088 3750 1120 3759 -
1143 3707 1259 3770 redditur,

136 3775 169 3824 R.
187 3769 273 3834 reddit,
287 3772 311 3821 a
329 3812 362 3822 ..
383 3769 700 3835 Arbaaammisaanim.
713 3784 738 3838 s,
750 3784 812 3840 ap.
826 3776 894 3827 asab
906 3785 931 3827 4.
949 3817 982 3826 -
1004 3775 1121 3836 aarum,
1133 3779 1195 3828 ΒΤ.
1217 3775 1259 3827 do.

137 3839 245 3901 cuinam,
256 3856 277 3889 r.
295 3838 424 3903 doetrinae,
435 3840 540 3891 Barbar.
553 3836 595 3901 ᾱβ
602 3855 627 3905 r.
642 3882 674 3891 ..
685 3841 798 3906 indique,
811 3844 842 3893 Τ.
860 3841 943 3907 indiqu
948 3843 954 3853 '
956 3832 1015 3910 [sss-r,
1026 3845 1059 3893 R.
1077 3836 1222 3915 indipabsfss,
1234 3848 1259 3897 d.

137 3905 297 3972 iadcqiarbua,
308 3908 415 3960 Barbar.
426 3904 478 3972 βγ.

171 3978 186 4038 ᾖ
200 3980 239 4027 17.
257 3974 318 4053 clia,
333 3975 365 4025 B.
384 3974 449 4054 aliis,
462 3972 513 4041 βγ.
532 3976 590 4027 Om.
606 3976 639 4037 T,
654 3977 683 4025 in
700 3977 716 4025 d
731 3992 825 4027 rasura.
843 4017 875 4027 ..
891 3985 997 4041 possunt,
1012 3979 1057 4030 1t2.
1081 3989 1182 4044 possunt
1197 3981 1257 4042 atu,

137 4037 412 4162 Ruzyrrimposlgrgtdabc,
425 4046 450 4095 d.
468 4085 500 4099 ,-
514 4060 569 4108 pro,
581 4045 636 4094 Itd.
658 4050 744 4107 apro,
756 4039 808 4109 βγ.
827 4084 859 4094 ..
878 4052 951 4108 terra,
963 4048 1015 4097 Τὰ.
1033 4089 1065 4098 ,.
1084 4052 1257 4112 ettaatc,'1'd.

139 4148 171 4157 -
265 4146 272 4172 s

137 4177 343 4294 Puirlglloerme’
356 4180 389 4230 Κ.
407 4221 437 4230 -
456 4179 541 4241 efficia,
553 4179 584 4229 R.
604 4169 698 4247 cffiulss,
712 4182 735 4229 d.
751 4221 783 4231 ..
801 4197 859 4230 aare
869 4189 980 4243 acturae,
993 4187 1055 4312 d'10
