2896 4800
414 250 485 297 urs.
501 250 551 296 xr.
581 250 660 296 car.
674 250 749 296 sur.
780 247 878 295 sacr.
895 250 1010 293 insin.
1210 232 1271 296 327

152 402 225 466 darn
249 402 407 486 serpentis
436 401 563 485 scorpio
590 399 716 464 occidit.
751 397 893 483 Scythae
916 399 1201 488 sagittastingunt
1222 403 1271 468 vi-

149 502 261 586 perina
286 502 375 567 sanie
401 512 434 566 et
461 502 600 566 humano
629 501 800 588 sanguine3
834 499 1073 567 inremediabile
1104 502 1140 567 id
1167 503 1272 567 scelus

149 613 284 668 mortem
306 603 390 669 illico
412 602 515 668 adfert
536 602 599 669 levi
623 613 720 668 tactu.

192 704 264 768 116.
300 701 393 786 Quae
415 704 602 770 animalium
623 714 832 789 pascerentur
847 725 971 769 veneno
987 702 1136 770 diximus.
1160 702 1270 785 Quae·
1285 718 1334 763 ²80

149 806 223 869 dam
254 805 392 870 innocua
425 804 543 890 alioqui
575 806 741 872 venenatis
773 816 867 892 pasta
898 807 993 872 noxia
1018 806 1101 870 fiunt
1130 819 1162 872 et
1188 808 1269 893 ipsa.

148 904 259 990 Apros
285 906 319 970 in
339 904 532 994 Pamphylia
560 919 593 972 et
622 905 755 973 Ciliciae
784 909 969 987 montuosis,
1004 908 1210 974 salamandra
1229 909 1269 974 ab

147 1006 197 1070 his
219 1007 379 1086 devorata,
401 1009 457 1092 qui
471 1009 566 1075 edere
581 1009 775 1084 moriuntur3
798 1010 1003 1093 nequeenim
1021 1020 1070 1075 est
1084 1010 1267 1076 intellectus

147 1107 232 1172 ullus
261 1109 295 1173 in
316 1110 413 1175 odore
435 1122 468 1175 et
491 1134 624 1197 sapore3
652 1122 685 1176 et
711 1133 794 1194 aqua
815 1111 987 1196 vinumque
1009 1111 1163 1177 interimit
1186 1111 1268 1176 sala-

147 1211 280 1274 mandra
308 1210 353 1275 ibi
381 1213 541 1278 inmortua
566 1213 618 1279 vel
648 1213 675 1278 si
702 1211 830 1277 omnino
861 1212 988 1290 biberit,
1016 1213 1101 1278 unde
1123 1223 1268 1297 potetur3

146 1309 223 1376 item
257 1335 336 1377 rana
372 1334 468 1397 quam
500 1313 648 1380 rubetam
682 1323 813 1389 vocant3
849 1324 974 1378 tantum
1001 1313 1190 1379 insidiarum
1219 1324 1269 1378 est

145 1410 245 1478 vitael
268 1413 396 1500 Vespae
419 1428 602 1502 serpentem
622 1416 716 1482 avide
731 1425 914 1493 vescuntur,
937 1436 1001 1499 quo
1016 1416 1167 1482 alimento
1181 1439 1267 1481 mor·
1282 1427 1328 1474 281

144 1512 253 1581 tiferos
274 1514 357 1582 ictus
379 1517 513 1596 faciunt,
536 1518 684 1602 adeoque
704 1539 823 1604 magna
838 1517 1021 1583 differentia
1042 1529 1091 1583 est
1113 1519 1217 1584 victus
1231 1529 1269 1583 ut

144 1615 177 1680 in
203 1625 308 1683 tractu
333 1617 424 1705 pisce
451 1619 631 1685 viventium
657 1617 897 1706 Theophrastus
926 1609 1045 1705 prodat
1065 1619 1163 1685 boves
1186 1643 1266 1704 quo-

143 1739 206 1800 que
226 1716 317 1802 pisce
338 1719 439 1798 vesei,
462 1721 604 1788 sednon
624 1720 687 1787 nisi
709 1721 847 1788 vivente.

186 1820 256 1884 117.
288 1821 423 1886 Homini
445 1822 536 1888 cibus
558 1823 747 1888 utilissimus
770 1823 915 1908 simplerr,
939 1822 1100 1889 acervatio
1117 1844 1267 1907 saporum
1281 1835 1329 1878 282

141 1921 294 2004 pestilera
316 1932 348 1986 et
368 1924 572 1989 condimento
593 1924 802 2009 perniciosior
809 1948 818 1998 ;
854 1922 1028 1988 difficulter
1041 1933 1163 1985 ,autem
1190 1944 1264 2005 per-

141 2018 291 2086 ficiuntur
312 2023 418 2088 omnia
439 2024 474 2088 in
496 2025 576 2090 cibis
598 2025 694 2102 acria,
717 2024 816 2093 nimia
838 2033 870 2088 et
891 2023 984 2088 avide
1004 2021 1131 2098 hausta,
1155 2030 1187 2084 et
1209 2043 1263 2085 ae-

142 2131 222 2186 state
243 2145 340 2207 quam
362 2125 467 2190 hieme
489 2125 652 2192 difficilius
682 2137 715 2190 et
741 2126 774 2188 in
802 2134 931 2191 senecta
952 2145 1048 2208 quam
1070 2123 1264 2187 ininventa.

140 2221 341 2289 Vomitiones
368 2223 489 2289 homini
518 2225 560 2290 ad
586 2226 665 2292 haec
693 2225 727 2288 in
749 2225 926 2290 remedium
948 2225 1148 2312 excogitatae
1170 2220 1263 2310 frigi-

142 2321 232 2388 diora
253 2346 387 2410 corpora
407 2326 540 2404 faciunt,
569 2327 716 2392 inimicae
744 2325 844 2392 oculis
865 2348 1014 2392 maxume
1041 2348 1080 2391 ae
1101 2323 1262 2390 dentibus.

138 2525 229 2595 ῥόδων
244 2529 403 2599 κανθάρους
418 2530 547 2584 ἀπόλλυσι
564 2529 609 2583 καὶ
627 2530 678 2592 τὰς
690 2533 781 2600 γῦπας
796 2533 813 2599 ἡ
830 2533 879 2584 τοῦ
888 2532 979 2600 ρῦρου
992 2531 1073 2600 δορὴ,
1089 2533 1207 2596 Gsopou.
1222 2537 1262 2588 13,

143 2605 192 2660 16,
200 2615 266 2664 quac
273 2602 342 2653 idem
349 2605 442 2666 repetit
452 2608 490 2664 14,
500 2610 541 2654 26.
558 2599 585 2651 οἱ
594 2601 681 2666 γῦπες
691 2597 736 2651 καὶ
748 2598 882 2668 κάνθαροι
891 2600 993 2668 ῥοδίνῳ
1001 2597 1172 2668 χρισθέντες
1180 2594 1262 2663 μύρῳ

141 2662 268 2716 τελευτᾶν
279 2664 415 2734 λέγονται,
434 2671 515 2722 clem.
530 2671 609 2722 Alex.
626 2672 733 2734 paedag.
751 2677 775 2721 2.
791 2685 816 2734 p.
834 2677 892 2721 208.
909 2671 948 2722 cd.
966 2673 1035 2722 Post.
1054 2663 1158 2718 εὐωδία
1171 2662 1203 2713 δὲ
1216 2659 1261 2714 καὶ

138 2730 226 2800 μῦρον
238 2731 321 2800 γυψὶν
334 2734 408 2787 αἰτία
418 2735 550 2800 θανάτου,
562 2739 669 2790 Aristot.
679 2739 738 2787 hist.
747 2739 824 2789 anim
835 2744 859 2799 3,
871 2743 892 2790 7.
910 2735 1061 2803 κανθάροις
1070 2733 1103 2785 δὲ
1115 2729 1265 2812 κακρσρυις

139 2799 250 2868 θηρίοις
264 2799 295 2852 εἴ
307 2819 350 2862 τις
365 2803 505 2872 ἐπιρράνοι
520 2802 619 2871 μῦρον,
637 2800 696 2854 οἵδε
708 2802 758 2870 τὴν
770 2801 887 2856 scorrer
906 2802 937 2855 οῦ
954 2803 1097 2870 φέρουσιν,
1120 2797 1170 2851 cll
1196 2797 1261 2850 dno·

139 2865 309 2934 θνήσκουσιν,
323 2872 390 2922 idem
404 2871 570 2940 1,38.μυ’ριρ
583 2870 723 2936 κάνθαρος
734 2869 908 2939 ἀποθνήσκει,
923 2874 993 2924 idem
1009 2878 1032 2935 6,
1045 2879 1095 2934 46,
1112 2885 1177 2935 quos
1188 2870 1261 2920 locos

141 2938 267 2999 congessit
282 2937 377 2988 Nicias.
395 2943 428 2990 ad
440 2941 556 3004 Geopon.
573 2942 601 2990 ll.
615 2955 651 2989 cc.
669 2940 737 2990 Hine
748 2941 862 2990 videmus
875 2943 907 2990 de
917 2957 977 2991 rosa
993 2941 1133 2990 scarabaeis
1149 2938 1263 3001 appetita

139 3017 266 3065 nusquam
282 3019 337 3054 esse
353 3020 508 3068 sermonem,
530 3022 612 3071 neque
627 3009 742 3057 vultures
757 3015 889 3069 unguento
908 3007 1006 3070 fugari,
1026 3009 1071 3056 sed
1086 3006 1177 3055 necari.
1204 3005 1262 3054 Iam

141 3072 209 3132 quod
221 3073 252 3120 ad
264 3073 340 3120 verba
351 3074 443 3134 media,
461 3089 511 3135 quo
523 3089 604 3136 paene
616 3073 689 3122 inscii
701 3075 855 3134 devenimus,
868 3076 964 3133 attinet,
981 3074 1113 3135 vulgatam
1124 3072 1261 3120 lectionem

131 3135 255 3200 suparatur
267 3139 351 3187 deberi
363 3140 466 3189 librario
478 3155 616 3190 remonon
624 3141 693 3189 videt
702 3147 728 3189 et
735 3143 892 3190 redeundum
901 3148 939 3191 est
948 3144 980 3190 ad
992 3142 1141 3204 scripturam
1149 3140 1174 3187 R
1174 3138 1260 3201 stipat,

139 3207 206 3254 unde
222 3205 283 3254 coll.
299 3207 417 3256 Eutconii
434 3208 583 3271 paraphrasi
601 3207 717 3271 Oppiani¹
728 3209 807 3258 ixeut.
824 3224 850 3272 p.
874 3215 897 3258 8.
922 3203 948 3256 οἱ
959 3207 1046 3273 γῦπες
1056 3204 1092 3272 τῇ
1100 3204 1153 3255 τῶν
1166 3202 1259 3270 τεθνη.

138 3266 223 3320 κότων
236 3269 447 3356 ῦπεργαίροντες
456 3271 588 3336 δυσοσμία
601 3274 728 3324 τοσοῦτον
741 3272 940 3342 ἀπεχθάνονται
952 3273 1024 3340 πρὸς
1034 3269 1067 3324 τὰ
1079 3269 1166 3338 μῦρα,
1184 3266 1260 3321 ὥστε
1301 3312 1307 3330 ,

139 3330 200 3388 οὐδ’
218 3334 251 3389 ἂν
267 3355 382 3407 κτηνους
396 3337 513 3405 ἅψαιντο
531 3323 700 3408 τεθνηκότος,
718 3337 749 3391 εἴ
762 3357 804 3401 τις
819 3340 905 3392 αὐτοῦ
922 3339 973 3401 τὰς
984 3340 1089 3409 σάρκας
1099 3336 1260 3402 ἑπαλείψειε

136 3403 227 3472 μύρῳ,
245 3411 404 3460 scribendum
421 3412 539 3461 existimo
562 3411 605 3473 qui
611 3411 729 3476 supertes
746 3410 807 3460 alios
822 3419 936 3476 appetunt
947 3410 1029 3460 odores
1041 3413 1057 3460 i.
1070 3426 1091 3460 e.
1104 3409 1147 3472 qui
1156 3406 1259 3457 vultures

138 3472 221 3522 odores
233 3484 347 3539 appetunt
369 3477 411 3541 qni
421 3477 583 3542 aliossnyont.
601 3479 682 3529 Varia
693 3481 801 3529 tentavit
812 3481 891 3531 Hard.
910 3522 942 3530 ..
960 3476 1082 3544 quosdam,
1095 3478 1148 3528 Td.

173 3568 257 3628 5280.
276 3566 381 3616 diximus
394 3576 433 3630 lo,
447 3575 487 3619 69.
506 3609 539 3619 ..
557 3569 675 3631 montosis,
686 3565 715 3631 β.
735 3611 766 3621 ...
786 3570 888 3634 inedere,
900 3574 932 3624 R.
951 3613 983 3622 ..
1007 3568 1156 3634 nequeenim
1173 3575 1215 3628 est,
1226 3567 1258 3616 R.

139 3632 256 3679 necerim
273 3635 360 3693 ert,K.
387 3634 440 3685 Nec
453 3633 577 3699 est,d,t9r.
600 3635 693 3699 Neque,
710 3640 741 3688 T.
761 3678 793 3686 -
816 3637 902 3700 nullas,
919 3641 951 3688 R.
971 3679 1002 3688 ..
1025 3646 1048 3686 et
1062 3635 1199 3699 saporaR.
1223 3632 1261 3682 vei

138 3695 316 3818 stppossealrssfy.
334 3741 366 3750 ..
386 3701 508 3763 interemit,
520 3705 573 3753 Rd.
593 3744 624 3752 ..
644 3711 748 3767 petetur,
760 3705 820 3754 TK.
844 3704 882 3752 vel
891 3705 915 3752 si
925 3707 1017 3754 omnino
1028 3701 1089 3752 unde
1101 3700 1184 3751 biberit
1191 3708 1259 3764 pote-

177 3805 184 3830 ,
278 3804 284 3816 .

172 3863 187 3926 ξ
199 3867 257 3911 281.
274 3867 411 3924 serpentem,
422 3860 454 3910 R.
472 3867 587 3924 serpente,
600 3856 671 3926 δβγ.
685 3900 716 3910 ..
730 3877 799 3924 qnae,
811 3878 830 3911 r.
845 3902 876 3911 ..
894 3860 1006 3924 adeoque,
1018 3862 1050 3911 R.
1068 3860 1173 3924 ideoque,
1187 3863 1202 3910 d
1207 3857 1229 3922 β
1233 3875 1258 3924 γ.

138 3969 174 4043 ὦ
189 3927 293 4056 ἱέτναοιί,
306 3931 329 3979 d.
349 3970 380 3978 ..
405 3927 698 3993 virentium-piscem.
711 3930 743 3979 R.
763 3969 794 3978 ..
811 3926 907 3993 prodat,
920 3928 972 3979 Ta.
995 3927 1086 3992 prodit,
1102 3920 1153 3991 θγ.
1173 3927 1257 3991 prodi-

159 4033 186 4206 ἑ
199 4086 255 4130 282.
270 4079 408 4144 pestisfera,
420 4083 452 4132 R.
470 4123 501 4132 ..
520 4079 664 4129 condimento
673 4080 835 4145 perniciosior,
847 4074 903 4133 Βθ.
923 4079 1069 4130 condimenta
1078 4080 1256 4145 perniciosiora,

138 4145 153 4193 d
182 4182 187 4194 .
207 4186 238 4196 -
257 4147 369 4210 omnibus,
380 4151 413 4200 K.
432 4192 463 4200 ..
484 4149 551 4198 aena
562 4148 647 4211 nimia,
657 4151 681 4199 d.
699 4149 864 4213 acrimaspera
875 4149 1010 4200 inconsueta
1021 4147 1167 4210 varinnis,
1179 4150 1211 4200 R.
1226 4166 1264 4198 ..’

137 4212 162 4260 in
175 4213 276 4278 invento,
290 4217 312 4267 d.
332 4216 441 4281 iumenta,
453 4218 485 4269 R.
498 4258 528 4269 ..
540 4215 685 4282 sraqiliora,
697 4216 765 4269 Pint.
781 4259 810 4269 ..
828 4218 929 4268 maxime
940 4225 1017 4268 cutem
1030 4215 1099 4280 dent,
1112 4218 1186 4269 codd.
1200 4217 1256 4270 Gal.
