2896 4800
192 157 256 221 384
545 169 750 217 urrunsms
771 170 966 218 mesonma

193 325 330 411 inpleat,
360 321 445 387 colos
472 320 593 399 fulvos,
624 319 857 387 conmendabili
885 342 962 386 suoo
991 343 1032 386 ex
1059 333 1187 387 austero
1218 323 1314 390 dulci.

193 424 337 514 Lignum
357 424 444 488 intus
466 422 588 510 grande
608 421 784 506 firmaeque
806 421 953 501 durities,
976 442 1018 487 ex
1039 443 1102 506 quo
1116 422 1234 489 velaris
1256 425 1315 490 de-

193 537 320 593 tornant
341 524 468 602 anulos3
506 524 540 588 in
561 545 600 589 eo
620 524 754 588 nucleus
781 523 895 602 dulcis,
924 522 1002 588 dnm
1023 545 1136 589 recens
1156 536 1221 603 est3
1250 526 1314 592 sio-

192 638 283 694 catus
304 624 448 691 durescit
469 625 511 690 ad
532 625 693 690 infinitum
713 636 751 690 ut
771 625 880 689 mandi
897 646 961 689 non
975 625 1078 711 possit
1090 626 1153 691 nisi
1167 626 1315 712 pluribus

191 730 306 796 diebus
332 737 522 794 maceratus.
567 725 723 792 Materies
756 726 920 813 crispioris
936 726 1127 813 ,elegantiae
1152 736 1186 793 et
1210 729 1251 794 ob
1279 730 1315 794 id

189 831 301 899 Persis
322 828 517 918 gratissima.

233 935 285 998 19.
307 931 379 997 Neo
398 930 505 995 minus
527 929 621 1017 spina
642 930 823 996 celebratur
844 930 878 994 in
900 929 1011 996 eadem
1032 941 1130 1018 gente
1146 930 1313 997 dumtaxat
1327 951 1360 996 ss

190 1036 294 1124 nigra,
323 1033 477 1117 quoniam
498 1031 685 1118 incorrupta
707 1033 804 1097 etiam
824 1032 858 1096 in
880 1032 973 1116 aquis
995 1032 1099 1110 durat,
1127 1033 1168 1097 ob
1189 1033 1224 1099 id
1245 1034 1312 1098 uti·

188 1135 311 1204 lissima
332 1134 461 1200 navium
489 1132 603 1210 oostis3
634 1133 788 1199 candidae
817 1133 910 1199 facile
931 1144 1130 1219 putrescunt.
1165 1132 1312 1200 Aculeus

189 1238 354 1323 spinarum
375 1244 408 1299 et
428 1233 463 1298 in
483 1234 577 1312 foliis,
605 1256 713 1298 semen
733 1234 768 1298 in
789 1234 922 1318 siliquis,
950 1255 1013 1318 quo
1036 1234 1122 1299 coria
1141 1234 1313 1320 perficiunt

189 1339 292 1427 gallae
320 1337 408 1413 vioe3
441 1334 500 1399 flos
528 1343 561 1399 et
586 1335 711 1400 coronis
742 1335 903 1401 iucundus
930 1345 963 1400 et
983 1334 1225 1401 medicamentis
1244 1336 1311 1400 uti-

188 1440 320 1505 lissima.
343 1435 457 1499 Manat
470 1445 501 1500 et
516 1436 649 1500 cummis
673 1458 713 1500 ex
735 1458 788 1512 ea;
812 1436 870 1502 sed
884 1437 1059 1523 praecipua
1072 1436 1203 1515 utilitas,
1223 1439 1311 1521 quod

190 1562 284 1606 caesa
305 1558 389 1601 anno
410 1534 502 1602 tertio
523 1537 674 1624 resurgit.
699 1534 796 1603 Circa
816 1535 945 1604 Thebas
966 1537 1056 1615 haec,
1079 1539 1136 1605 ubi
1159 1549 1191 1604 et
1213 1561 1309 1624 quer-

113 1684 117 1691 ·
190 1662 248 1706 ons
269 1649 302 1705 et
322 1659 437 1723 persea
458 1647 490 1702 et
511 1637 605 1715 oliva,
628 1658 685 1703 ccc
706 1661 726 1704 a
745 1636 822 1703 Nilo
843 1639 967 1718 stadiis,
991 1639 1129 1704 silvestri
1151 1650 1254 1705 tractu
1276 1652 1310 1705 et

189 1742 257 1807 suis
279 1740 421 1805 fontibus
441 1738 544 1827 riguo.
588 1737 635 1804 X.
656 1738 708 1804 Ibi
729 1751 761 1805 et
780 1763 904 1827 prunus
925 1741 1104 1828 Aegyptia,
1126 1763 1190 1806 nou
1210 1726 1309 1807 dissi·
1324 1761 1357 1805 os

188 1843 272 1909 milis
307 1843 418 1928 spinae
445 1863 602 1928 proxume
634 1840 757 1920 dictae,
791 1863 888 1927 pomo
914 1842 1059 1929 mespili,
1092 1853 1310 1910 maturescens

187 1946 303 2013 bruma
328 1967 390 2010 nec
418 1942 496 2009 folia
522 1940 696 2009 dimittens.
732 1942 878 2031 Lignum
905 1943 939 2008 in
967 1966 1061 2029 pomo
1088 1944 1221 2032 grande,
1251 1946 1310 2011 sed

188 2069 304 2134 corpus
325 2046 434 2132 ipsum
455 2055 571 2109 natura
592 2045 749 2131 copiaque
770 2044 925 2110 messium
951 2045 1052 2110 instar
1073 2045 1202 2125 incolis3
1228 2070 1307 2133 pur-

187 2159 299 2238 gatum
321 2147 406 2213 enim
428 2146 565 2211 tundunt
587 2156 780 2233 servantque
802 2147 871 2211 eius
892 2147 982 2211 offas.
1006 2144 1172 2213 Silvestris
1192 2148 1254 2212 fuit
1276 2158 1308 2213 et
1323 2165 1355 2209 cs

187 2250 273 2317 circa
286 2247 466 2335 Memphim
486 2247 577 2336 regio
599 2257 664 2311 tam
686 2247 787 2313 vastis
809 2247 1035 2313 arboribus-ut
1054 2249 1136 2314 temi
1149 2270 1214 2313 non
1235 2250 1307 2333 qui·

187 2363 260 2417 rent
282 2351 510 2438 circumplecti,
533 2349 628 2414 unius
649 2349 805 2435 peculiari
826 2349 992 2427 miraculo,
1014 2372 1074 2415 noc
1087 2372 1218 2436 pomum
1231 2373 1307 2437 pro-

187 2463 262 2539 pter
282 2474 416 2517 usumve
438 2452 578 2535 aliquem
599 2449 659 2515 sed
680 2460 841 2516 eventum.
867 2449 986 2516 Facies
1009 2461 1058 2516 est
1078 2451 1191 2537 spinae
1197 2476 1206 2529 ;
1230 2452 1310 2518 folia

187 2554 285 2619 habet
305 2576 365 2618 ceu
386 2552 500 2638 pinnas
523 2574 605 2636 quae
628 2551 721 2616 tactis
747 2551 789 2616 ab
815 2550 944 2617 homine
971 2553 1069 2618 ramis
1091 2553 1210 2618 cadunt
1230 2575 1306 2638 pro·

187 2653 274 2719 tinus
295 2675 334 2717 ao
354 2663 468 2737 postea
487 2661 706 2719 renascuntur.

220 2791 291 2853 colos,
302 2794 355 2844 Ra
372 2792 443 2857 color,
456 2792 527 2859 (Ιβγ.
546 2835 578 2845 ..
596 2791 781 2855 commendabili,
793 2798 825 2848 R.
842 2794 1039 2857 commendabiles,
1051 2793 1144 2864 adssr.
1157 2837 1190 2847 ..
1208 2793 1307 2860 celires,

187 2862 233 2911 ad.
251 2860 353 2922 volares,
366 2863 397 2912 R.
416 2904 448 2915 ..
466 2861 540 2925 dulce,
551 2862 584 2913 R.
602 2903 634 2912 -
652 2862 749 2925 siccam,
760 2865 792 2913 R.
810 2904 842 2915 ..
861 2863 914 2925 nesi,
927 2867 958 2916 R.
976 2865 1066 2916 omitt.
1078 2866 1169 2917 Tadr.

220 2932 236 2994 ᾗ
249 2936 289 2981 63.
307 2930 385 2993 spino,
397 2933 435 2981 ad
446 2928 534 2994 (codd.
545 2929 674 2994 Barbari.)
691 2930 768 2996 Syria
777 2931 856 2994 spina,
867 2933 899 2982 R.
912 2932 945 2981 V.
957 2932 1089 2996 Tbeophr.
1099 2934 1125 2983 h.
1155 2934 1173 2982 l.
1185 2933 1232 2982 IV.
1246 2939 1270 2994 2,
1282 2941 1307 2984 8.

186 3038 218 3047 -
238 2996 420 3061 madidam.
437 2997 550 3059 candelis,
562 2994 654 3064 adssr.
673 3040 705 3048 ..
720 3007 864 3062 putrescunt,
876 3000 958 3051 RTa.
973 2999 1097 3062 putrescit,
1109 2949 1179 3065 dslr.
1198 3042 1230 3050 ,.
1249 3017 1307 3063 per-

178 3063 276 3128 ficiunt,
288 3069 341 3117 Ra.
358 3067 520 3132 peficiontor,
533 3062 606 3132 ᾱβγ.
624 3107 657 3116 ..
675 3065 740 3115 utilis
751 3067 813 3116 sima
824 3075 874 3123 nat,
886 3067 917 3127 R,
930 3070 997 3117 unde
1007 3068 1095 3118 locum
1105 3069 1211 3118 restitui.
1234 3067 1307 3119 utilis.

187 3131 286 3195 Manat,
299 3130 391 3198 adssr.
419 3175 452 3185 ..
478 3134 624 3196 mmmmlt.
652 3134 768 3194 cumiad.
796 3133 904 3194 remiis,
916 3151 939 3184 a.
964 3131 1127 3200 pummi,ssr.
1155 3176 1186 3184 -
1210 3151 1307 3198 persea,

185 3201 253 3252 Pint.
271 3202 316 3252 Ta
345 3217 432 3252 omnes
453 3204 526 3253 codd.
543 3218 584 3266 ap.
603 3202 710 3253 Salmas.
727 3217 809 3252 exerc.
825 3217 850 3267 p.
867 3206 924 3254 427.
942 3218 965 3252 a.
978 3199 1022 3264 C.)
1043 3202 1135 3266 persia,
1148 3204 1178 3252 R.
1202 3202 1306 3264 persico,

185 3268 291 3319 Bethar.
305 3271 321 3317 d
352 3283 376 3334 γ.
395 3311 427 3319 -
446 3277 469 3318 et
480 3268 551 3329 olivo,
563 3271 615 3320 Ra.
634 3268 705 3331 oliva,
716 3271 769 3319 Td.
788 3310 821 3320 ..
838 3268 960 3331 silvestris,
971 3265 1000 3331 β.

221 3335 291 3395 §ss
317 3344 346 3397 et,
359 3352 408 3386 om.
421 3352 443 3385 n.
470 3337 503 3386 V.
525 3337 658 3400 Theophr.
679 3337 697 3385 l.
713 3337 731 3386 l.
752 3336 846 3396 Ius,
865 3343 904 3388 10.
930 3377 963 3386 -
989 3335 1071 3400 spelta,
1087 3352 1110 3386 a.
1138 3376 1169 3383 -
1193 3333 1306 3398 proxima

186 3401 272 3462 edicta,
284 3418 307 3451 a.
326 3443 357 3452 ..
376 3401 478 3466 mespile,
489 3404 521 3454 R.
541 3444 573 3453 ..
591 3400 720 3465 demittens,
731 3406 762 3455 Τ.
781 3445 813 3455 -
832 3403 922 3466 incola,
933 3405 986 3455 Ild.
1004 3401 1067 3465 colis,
1079 3418 1102 3452 a.
1121 3403 1179 3454 Om.
1190 3420 1211 3453 r.

221 3474 236 3536 ξ
249 3476 289 3521 65.
299 3470 361 3534 frit,
372 3473 404 3521 R.
423 3470 511 3522 Omitt.
525 3471 614 3523 S'rao
627 3469 713 3533 (codd.
727 3471 833 3524 Salmas.
846 3487 927 3523 exerc.
940 3488 965 3536 p.
978 3477 1035 3523 sel.
1048 3486 1071 3521 a.
1082 3468 1126 3532 B.)
1137 3485 1163 3535 γ.
1175 3513 1207 3521 ..
1221 3472 1307 3520 arbore

186 3539 259 3605 rapio,
272 3542 303 3590 R.
327 3580 358 3588 ..
386 3555 431 3587 non
443 3539 543 3602 quirent,
554 3541 657 3591 R'l'ad.
684 3535 901 3602 nequirentoel‚ft.
928 3537 965 3588 vel
976 3538 1037 3588 terni
1046 3538 1176 3603 nequirent,
1188 3540 1255 3590 Pint.
1273 3581 1305 3589 ..

186 3604 484 3670 cirmonplecti,R(codd.
498 3603 618 3669 Salmas.)
644 3605 887 3670 eircumflectihd.
915 3648 946 3657 -
974 3623 1079 3669 usumve,
1092 3609 1125 3658 R.
1151 3602 1306 3665 recrementi.

187 3676 325 3735 usude.
344 3717 376 3725 -
403 3675 532 3735 eet,RSa.
558 3675 680 3734 eius,Td.
706 3676 729 3723 ei
739 3683 780 3736 est,
792 3676 850 3725 libri
861 3675 970 3726 Salmas.
996 3675 1069 3736 enim,
1081 3670 1110 3736 β.
1128 3675 1163 3724 V.
1176 3675 1306 3738 Theophr.

186 3742 204 3791 l.
216 3742 293 3793 LIV.
307 3748 384 3800 2,]1.
403 3785 435 3794 ..
453 3742 546 3804 labent,
558 3744 589 3793 T.

220 3812 236 3873 ᾗ
250 3816 289 3861 66.
310 3808 433 3872 Oarnmim,
443 3811 494 3861 Rs.
516 3809 635 3873 Commim,
646 3812 699 3861 Td.
721 3809 822 3871 Gummi,
835 3805 956 3875 δθρφβ·
977 3808 1111 3871 Gummom,
1120 3828 1140 3862 r.
1152 3812 1186 3861 V.
1197 3811 1305 3862 Salmas.

188 3877 220 3925 de
236 3877 296 3940 hyle
311 3894 336 3942 p.
355 3883 411 3929 175.
427 3894 451 3927 a.
467 3880 510 3939 lt,
528 3878 639 3928 Gronov.
656 3879 687 3927 sd
701 3885 746 3938 22,
758 3884 799 3929 23.
812 3886 837 3929 ct
848 3879 984 3929 Wcichcrt.
996 3887 1066 3942 poet.
1078 3879 1136 3929 Lot.
1148 3887 1197 3928 ret.
1208 3893 1233 3941 p.
1247 3883 1305 3927 201.

188 3943 292 3993 collad
305 3952 350 4006 ³2,
368 3951 409 3997 27.
437 3986 469 3996 ..
496 3943 1154 4011 optimam..vermiculatum-puram..adlmerentem,
1170 3946 1307 4009 RTodpr

188 4008 258 4071 (cod.
270 4011 377 4064 Salmas.
390 4028 471 4064 exoro.
484 4029 508 4078 p.
521 4017 579 4065 376.
590 4015 615 4064 b.
627 4011 672 4076 Ε.)
690 4011 1306 4079 ορτὶτηιιηι-υοηηίωῑατιιρη.ριιηιηι..αᾰ1αονεηε,

187 4073 216 4138 β.
234 4117 266 4126 ..
285 4078 404 4143 Deterior,
416 4081 513 4146 dep.
530 4080 651 4141 Desertus,
662 4075 692 4141 β.
712 4122 742 4131 -
758 4081 863 4145 pessimo
873 4099 893 4143 e,
905 4083 942 4132 its
953 4095 1000 4131 nos
1011 4080 1165 4143 scripsimus.
1181 4080 1306 4145 pessr'ome,

188 4160 213 4211 p.
228 4144 336 4209 pessime,
348 4147 421 4200 de.
435 4148 562 4212 pessimum
574 4163 611 4210 er,
622 4142 672 4211 βγ.

75 4454 258 4598 ἢ
