2896 4800
375 270 447 316 nm.
462 269 537 316 xrv.
565 267 813 315 oar.vn.v111.
841 264 940 313 saer.
957 268 976 310 7.
992 268 1022 310 ιο.
1189 249 1252 314 tat

135 423 239 509 piadis
261 421 397 488 scholae.
424 418 644 507 Apollodorus
664 417 808 484 medicus
828 417 864 482 in
884 415 1045 484 volumine
1066 438 1129 502 quo
1152 417 1253 482 suasit

134 525 320 592 Ptolemaeo
347 521 419 611 regi
447 543 531 606 quae
552 521 627 587 vina
646 518 783 598 biberet,
810 518 932 584 Italicis
954 518 1050 583 etiam
1072 528 1140 582 tum
1160 518 1254 607 igno-

136 626 188 704 tis,
210 623 355 690 laudavit
375 623 409 688 in
422 623 528 690 Ponto
540 620 804 709 Nasperceniten,
825 642 902 686 mox
924 616 1102 698 Oreticum,
1125 616 1254 686 Oenea·

136 740 205 806 ten,
239 725 458 804 Leucadium,
498 724 732 790 Ambracioten
763 732 796 789 et
827 721 914 830 quod
947 721 1072 787 cunctis
1104 720 1257 805 praetulit

135 827 375 914 Peparethium,
412 826 470 893 sed
496 825 629 892 minoris
654 826 857 891 famae'esse
884 823 977 903 dixit,
1005 821 1157 908 quoniam
1182 832 1257 887 ante

137 952 195 995 sex
216 951 316 995 annos
337 950 403 993 nou
423 928 572 1015 placeret.
1218 960 1226 982 .

178 1029 274 1097 VIII.
298 1031 349 1096 10.
379 1029 547 1095 Hactenus
568 1027 695 1094 bonitas
709 1027 777 1094 vini
790 1025 975 1093 nationibus
989 1025 1133 1092 debetur.
1154 1021 1257 1111 Apud
1270 1041 1301 1091 77

137 1129 280 1197 Graecos
300 1131 372 1197 iure
392 1129 604 1196 clarissimum
623 1152 741 1196 nomen
762 1129 887 1215 accepit
908 1127 996 1214 quod
1014 1127 1258 1213 appellavenmt

136 1231 223 1310 bion,
253 1232 296 1296 ad
323 1232 489 1317 plurumos
514 1231 735 1297 valetudinum
763 1252 843 1296 usus
873 1228 1101 1317 excogitatum,
1132 1237 1171 1292 ut
1198 1226 1256 1291 do·

136 1332 282 1400 cebimus
315 1332 349 1398 in
375 1343 468 1420 parte
495 1332 685 1398 medicinae.
722 1330 779 1397 Fit
805 1342 914 1397 autem
939 1331 1001 1396 hoc
1028 1329 1141 1395 modo:
1174 1349 1257 1394 uvae

135 1436 268 1520 paulum
294 1444 368 1500 ante
395 1433 610 1499 maturitatem
639 1433 813 1520 decerptae
835 1432 996 1499 siccantur
1016 1431 1084 1496 acri
1105 1429 1182 1508 sole,
1208 1439 1258 1495 ter

136 1534 188 1600 die
209 1546 357 1601 versatae
377 1558 437 1622 per
457 1535 609 1613 triduum,
631 1545 745 1620 quarto
768 1533 1000 1622 exprimuntur,
1023 1532 1100 1598 dein
1119 1531 1154 1596 iu
1168 1531 1258 1597 cadis

135 1635 202 1700 acle
223 1635 453 1703 inveterantur.
489 1634 550 1702 Coi
576 1636 733 1702 marinam
754 1657 870 1720 aquam
889 1634 1062 1723 largiorem
1081 1633 1302 1699 miscentem

136 1737 221 1801 servi
241 1738 329 1804 furto
351 1735 480 1826 origine
497 1748 568 1804 orta
588 1739 635 1805 sic
656 1760 839 1804 mensuram
860 1737 1029 1823 explentis,
1050 1758 1134 1821 quae
1151 1745 1257 1800 trans-

135 1836 201 1901 lata
220 1837 256 1901 in
277 1838 386 1905 album
405 1849 550 1904 mustum
570 1838 758 1904 leucocoum
779 1839 973 1925 appellatur;
1000 1838 1035 1902 in
1057 1836 1128 1900 aliis
1149 1845 1258 1900 autem
1368 1823 1371 1829 ’

135 1938 288 2024 gentibus
310 1939 405 2004 simili
425 1939 523 2005 modo
542 1940 663 2003 factum
678 1939 968 2004 tethalassomenon
988 1947 1114 2016 vocant,
1138 1937 1257 2001 thalas-

137 2038 222 2102 siten
243 2049 355 2104 antem
374 2039 460 2103 vasis
480 2039 579 2105 musti
601 2038 734 2105 deiectis
754 2038 789 2104 in
810 2060 909 2116 mare,
936 2059 1000 2122 quo
1022 2059 1142 2124 genere
1162 2059 1256 2123 prae·

134 2161 197 2204 ccx
224 2140 262 2205 fit
288 2149 443 2207 vetustas.
474 2139 546 2206 Nec
571 2143 637 2206 non
666 2141 754 2227 apud
779 2162 838 2206 nos
864 2161 992 2225 quoque
1015 2136 1119 2204 Coum
1145 2137 1258 2203 vinum
1271 2156 1303 2204 te

136 2262 178 2305 ex
197 2240 311 2307 Italico
332 2240 469 2307 faciendi
489 2241 646 2307 rationem
669 2239 752 2307 Cato
766 2241 1009 2320 demonstravit,
1032 2261 1131 2324 super
1151 2249 1258 2305 cetera

135 2342 171 2406 in
192 2336 259 2406 sole
277 2342 489 2426 quadriennio
509 2344 738 2409 maturandum
757 2343 970 2430 praecipiens.
1002 2341 1165 2408 Rhodium
1188 2339 1258 2407 000

136 2439 240 2506 simile
271 2451 336 2520 est,
374 2442 571 2510 Phorineum
610 2444 725 2511 salsius
764 2442 843 2510 Coo.
889 2441 1010 2509 Omnia
1047 2442 1258 2509 transmarina

137 2550 261 2656 septem
290 2552 353 2608 aut
388 2566 449 2612 sex
486 2545 579 2612 annis
618 2546 661 2613 ad
697 2555 889 2613 vetustatem
920 2544 1060 2610 mediam
1090 2542 1258 2631 pervenire

137 2652 381 2712 existumentur.

136 2821 317 2876 721753.-
341 2819 506 2884 volitadimam,
518 2823 563 2874 ad.
581 2861 612 2872 ..
636 2819 768 2872 docebimus
780 2799 874 2884 adbit.
897 2863 930 2874 ..
951 2822 1096 2884 dilectem
1112 2821 1201 2872 eadem
1215 2818 1259 2871 iis-

137 2884 195 2932 dem
206 2882 259 2933 1777
271 2886 354 2937 verbis
370 2889 402 2938 de
415 2882 561 2954 omphacite
576 2889 654 2939 tradit
669 2888 786 2940 Dioscor.
804 2893 829 2950 5,
846 2895 887 2940 la.
910 2929 943 2941 ..
967 2887 1022 2938 daia
1034 2888 1067 2951 in,
1077 2889 1158 2940 Hard.
1174 2887 1259 2939 777177.

136 2945 282 3025 dela-adst.
300 2953 448 3017 exprimitur.
473 2956 559 3008 V'mum
570 2955 596 3004 in
607 2954 689 3005 eedem
699 2954 748 3004 acle
758 2955 911 3019 invematur,
923 2954 970 3018 cai,
981 2955 1073 3006 Dalec.

172 3052 243 3113 §ta
262 3048 312 3114 Osi,
323 3055 398 3103 Tad.
416 3053 461 3115 cui,
473 3049 503 3115 β.
521 3093 554 3104 ..
578 3053 765 3116 traete,Dalcc.
783 3094 816 3104 ...
839 3054 965 3118 capallum,
976 3058 1013 3106 a¹.
1036 3053 1159 3118 expellent,
1171 3057 1208 3104 a2.
1226 3093 1259 3104 .-

138 3132 200 3180 qusa
217 3116 350 3181 777ηεὶ777,
368 3112 420 3171 dd.
446 3119 517 3184 idqse
533 3120 688 3182 utalaam,
703 3116 775 3188 assf.
802 3162 835 3172 ..
864 3120 1005 3182 1777777777,
1021 3123 1089 3173 Ρ177.
1111 3115 1152 3172 Oa
1173 3118 1259 3182 (codd

138 3183 273 3248 Turnebi.)
298 3184 422 3249 1777777777,
440 3190 494 3238 Td.
517 3185 641 3250 77777777,
658 3189 685 3240 S.
709 3187 884 3252 leucocoeat'am,
896 3189 972 3240 codd.
983 3191 1097 3241 Barbari.
1115 3187 1259 3251 leucoclron,

136 3247 167 3314 β.
186 3294 218 3303 -
237 3252 384 3318 7777771ὺί777,
396 3257 421 3306 d.
439 3296 471 3306 ..
489 3257 834 3318 777777777177777777757.

171 3356 187 3419 ς
200 3356 240 3404 19.
263 3355 404 3419 77777νί7177,
420 3358 509 3410 Dslec.
527 3365 552 3409 et
567 3359 653 3410 Klotz.
669 3359 697 3409 in
712 3358 787 3409 Iabn.
803 3360 895 3410 horreo
913 3365 953 3421 10,
966 3364 1006 3410 39.
1024 3373 1057 3409 ex
1069 3357 1167 3409 Catone
1185 3356 1217 3405 de
1231 3369 1259 3406 re

137 3430 199 3472 rust.
220 3429 276 3474 113.
303 3426 337 3475 V.
354 3434 440 3476 tamen
456 3427 576 3478 Schneid.
595 3430 628 3477 ad
646 3427 671 3477 h.
689 3428 707 3477 l.
727 3433 783 3478 112.
820 3426 912 3490 triduo,
928 3428 998 3478 Pint.
1022 3468 1054 3477 ..
1086 3422 1218 3484 1117οά1777,
1235 3437 1259 3472 7.

138 3487 258 3566 Idltcdim
275 3506 378 3555 qaoque,
394 3494 448 3543 Td.
470 3535 503 3544 ..
525 3493 682 3557 Paeanem,
698 3498 742 3546 ad.
763 3493 916 3559 Phameam,
932 3489 961 3546 θ.
984 3493 1123 3546 Pbormium
1138 3493 1181 3543 vel
1197 3491 1259 3541 For·

138 3570 220 3617 msam,
231 3557 323 3635 117177.
348 3557 506 3624 &mascam
518 3563 597 3612 Hard.
621 3603 652 3611 ..
675 3570 730 3624 nst3
742 3566 857 3613 revocavi
870 3566 937 3615 hanc
948 3565 1184 3628 interpolationem,
1201 3573 1259 3617 cum

139 3631 207 3672 certe
223 3624 332 3686 ahquid,
349 3630 418 3690 quod
432 3627 542 3690 intelligi
559 3637 659 3692 posset,
675 3631 765 3680 adesse
781 3631 884 3680 deberet
912 3646 946 3680 ex
962 3633 1081 3681 codicum
1096 3637 1182 3680 autem
1199 3627 1259 3676 scri-

138 3691 220 3770 pturis
238 3692 329 3755 aliquis
346 3707 433 3744 sensus
450 3695 555 3745 omnino
571 3711 625 3745 non
641 3698 797 3759 procederet
820 3696 858 3758 in,
874 3667 954 3748 lde.
977 3697 1015 3747 vel
1024 3698 1063 3759 in,
1075 3710 1137 3759 arr.
1161 3695 1217 3744 Iam
1232 3694 1261 3745 ln

139 3760 257 3809 omnibus
274 3760 315 3810 his
331 3761 482 3812 lectionibus
499 3778 620 3827 perquam
640 3765 691 3813 hoc
708 3772 746 3814 est
762 3765 954 3815 incommodum
966 3773 992 3815 et
1006 3766 1128 3829 ineptum,
1146 3763 1216 3827 quod
1231 3762 1259 3812 in

138 3828 249 3878 numeris
266 3843 391 3878 annorum
407 3845 423 3879 a
439 3831 535 3880 maiore
551 3833 585 3882 ad
595 3831 720 3882 minorem
731 3833 890 3896 progreditur
901 3834 995 3895 oratio;
1014 3833 1103 3883 deinde
1121 3832 1176 3894 ipsa
1187 3844 1259 3894 prae-

138 3895 232 3959 positio
249 3898 361 3947 secundo
377 3911 483 3948 numero
500 3901 646 3963 praeposita
661 3906 750 3950 contra
767 3915 870 3950 omnem
886 3900 1091 3964 probabilitatem
1107 3905 1217 3963 pugnat,
1234 3904 1260 3947 77

138 3964 264 4025 particula
275 3963 314 4014 cel
323 3973 409 4030 aperte
420 3966 610 4031 interpolationi
620 3966 734 4018 debetur.
758 3965 859 4029 Quodsi
870 3969 998 4032 ponimus,
1013 3969 1050 4018 nti
1063 3968 1211 4032 ponendum
1222 3966 1259 4015 vi-

139 4031 219 4108 detur3
230 4033 257 4082 in
269 4034 357 4085 codice
368 4033 505 4099 archetypo
518 4034 640 4098 scriptum
650 4035 729 4086 inisse
740 4033 890 4086 MARINA
897 4034 1030 4087 VHVAIN
1033 4033 1075 4086 VI
1087 4032 1116 4098 (i.
1128 4049 1150 4084 e.
1162 4032 1258 4095 maritas

139 4111 197 4145 7777
207 4114 233 4146 m
251 4099 299 4163 VI)
311 4100 391 4165 annis,
404 4103 549 4167 corruptela
566 4100 692 4154 VIINVI
698 4105 828 4168 quomodo
841 4111 897 4154 orta
908 4104 949 4166 ait,
962 4103 1136 4167 intelligimus.
1147 4102 1259 4167 Praepo-

139 4163 275 4295 ἓ1ἒ7977ω
290 4166 316 4218 tn
332 4169 360 4221 b.
376 4171 395 4223 1.
413 4178 442 4224 ut
458 4183 534 4237 saepe
550 4173 618 4237 apud
638 4171 751 4224 Plinium
767 4171 834 4263 idem
855 4173 924 4237 qnod
944 4171 1010 4222 intre
1029 4171 1166 4238 significan
1186 4185 1209 4220 v.
1225 4170 1260 4230 ad
