2896 4800
416 1275 470 1378 a.
506 1271 682 1378 Pam
719 1270 1005 1378 sacuam

224 1541 709 1674 NATURALIS
745 1550 1209 1672 HISTORIAE

592 1799 741 1874 LIBER
774 1797 838 1874 IX.

615 2032 821 2043 ...ἡ-

200 2244 287 2311 Can.
307 2243 334 2309 Ι.
358 2241 464 2308 Sion
483 2244 513 2307 1.
548 2207 757 2310 Animalium
771 2261 855 2324 quae
870 2239 1034 2305 terrestria
1047 2239 1279 2327 appellavimus
1291 2243 1337 2311 9¹

61 2385 64 2389 »
156 2345 322 2410 hominum
349 2343 488 2429 quadam
505 2340 720 2409 ¹consortione
750 2340 902 2430 degentia
921 2340 1062 2408 indicata
1082 2352 1198 2408 natura
1220 2354 1279 2410 est.

156 2445 210 2510 Ex
236 2445 368 2530 reliquis
399 2445 557 2510 minumus
585 2465 658 2509 esse
689 2442 831 2510 volucris
863 2442 1011 2510 convenit
1018 2466 1028 2522 3
1070 2443 1280 2529 quamobrem

156 2545 247 2632 prius
269 2567 454 2630 aequorum,
482 2545 622 2610 amnium
650 2553 899 2631 stagnorumque
921 2543 1078 2610 dicentur.
1121 2543 1307 2612 Insania

156 2659 264 2714 autem
286 2649 440 2735 conplura
460 2646 554 2713 iniis
575 2646 696 2714 maiora
718 2646 815 2713 etiam
837 2646 1060 2725 terrestribus3
1090 2668 1188 2712 causa
1209 2646 1279 2713 evi-

158 2747 238 2813 dens
258 2749 379 2816 umoris
400 2749 536 2815 luxuria
572 2749 649 2814 Alia
671 2770 740 2814 sors
761 2746 883 2828 alitum,
906 2747 1024 2834 quibus
1045 2748 1112 2814 vita
1131 2748 1278 2835 penden-

156 2849 253 2915 tibus.
294 2849 335 2914 In
360 2850 442 2914 mari
471 2859 580 2914 autem
607 2859 673 2913 tam
700 2848 764 2915 late
789 2848 906 2936 supino
932 2849 1085 2934 mollique
1111 2871 1149 2915 ac
1178 2849 1278 2916 fertili

155 2950 360 3029 nutrimento,
389 2950 566 3034 accipiente
588 2971 702 3015 causas
723 2949 874 3037 genitalis
896 2970 915 3013 e
936 2949 1065 3015 sublimi
1088 2972 1278 3037 semperque
1385 2958 1388 2962 ⁴

155 3050 301 3136 pariente
322 3059 448 3128 natura,
470 3049 626 3136 pleraque
648 3049 745 3115 etiarn
765 3047 961 3114 monstrifica
973 3049 1180 3133 reperiuntur
1200 3072 1276 3136 per-

155 3149 260 3237 plexis
283 3160 315 3216 et
336 3149 370 3215 in
392 3160 494 3216 semet
515 3150 607 3216 aliter
628 3159 725 3234 atquc
752 3147 844 3213 aliter
865 3169 951 3213 nunc
971 3147 1051 3212 flatu
1072 3170 1158 3214 nunc
1178 3148 1277 3216 fluctu

156 3251 334 3318 convolutis
356 3251 532 3318 seminibus
554 3262 652 3337 atque
673 3248 857 3338 principiis3
880 3271 958 3315 vera
978 3260 1016 3316 ut
1032 3249 1089 3315 fiat
1102 3250 1189 3338 volgi
1204 3250 1304 3338 opi-³

154 3353 208 3418 nio
230 3352 388 3439 quidquid
408 3364 559 3420 nascatur
578 3353 613 3419 in
634 3363 726 3441 parte
747 3362 881 3418 naturae
902 3353 968 3418 ulla
982 3353 1063 3419 etin
1075 3352 1156 3418 mari
1169 3354 1277 3420 inesse

154 3463 347 3537 praeterque
373 3455 475 3521 multa
501 3477 584 3539 quae
609 3477 769 3540 nusquam
794 3453 880 3521 alibi.
917 3451 1041 3520 Rerum
1061 3455 1191 3540 quidem
1212 3476 1277 3520 non

156 3551 258 3617 solum
279 3553 463 3618 animalium
485 3555 654 3622 simulacra
675 3578 746 3622 esse
766 3557 844 3623 licet
868 3555 1058 3644 intellegere
1077 3555 1276 3621 intuentibus

187 3759 233 3812 Aa
243 3760 313 3810 hunc
323 3759 418 3809 librum
430 3758 477 3809 toti
489 3760 590 3810 excussi
601 3768 660 3811 sunt
670 3763 724 3812 Rd.

187 3848 202 3910 5
216 3851 239 3896 1.
257 3841 360 3909 quodum
376 3843 491 3894 consortio
508 3841 646 3908 deq-entiam,
663 3844 697 3894 K.
715 3883 747 3893 -
764 3842 807 3894 Ea
822 3842 1080 3908 reliquis-conuenit3
1101 3845 1166 3896 haec
1182 3861 1209 3898 sc
1221 3863 1275 3902 non

154 3912 295 3977 intelligere
310 3913 405 3964 fatetur
420 3913 451 3963 L.
468 3911 581 3964 Gronau
600 3950 632 3960 -
649 3927 776 3974 aquarum,
793 3912 847 3964 Τὰ.
865 3951 898 3961 -
915 3909 1020 3960 amnium
1035 3919 1224 3981 staqacrcmque,
1240 3919 1273 3970 R.

154 3979 258 4029 amnium
269 3994 446 4046 aprorumque,
459 3981 484 4030 d.
502 3977 658 4044 amniumque,
668 3980 700 4033 T.

188 4062 240 4124 §a
258 4063 302 4127 lis,
315 4068 339 4116 d.
358 4106 389 4115 -
411 4073 497 4126 cutem,
511 4080 561 4115 cm.
575 4065 611 4114 (1¹.
633 4105 666 4115 ..
689 4062 745 4127 aa,
755 4065 787 4115 1..
800 4063 913 4116 Gronov.
936 4105 969 4116 ..
991 4065 1137 4130 nutrimento,
1149 4062 1272 4122 nonar.
1344 4082 1346 4088 ·

155 4140 304 4194 accremento,
316 4127 345 4194 β.
364 4131 480 4196 elemento,
491 4135 521 4184 L.
535 4132 648 4184 Gronov.
667 4174 699 4183 -
718 4131 849 4196 accipienti¹
865 4124 893 4183 θ.
911 4173 943 4184 ..
968 4149 988 4196 e,
1000 4149 1052 4186 cm.
1064 4135 1096 4186 R.
1115 4176 1147 4185 -
1164 4143 1207 4198 ael,
1218 4137 1272 4188 Rc.

188 4212 203 4276 5
216 4220 240 4267 3.
259 4231 316 4266 aea
326 4223 359 4278 ct,
370 4217 454 4268 RTd.
472 4224 498 4268 at
509 4232 576 4280 aera,
587 4211 646 4280 Κβ.
660 4256 691 4269 ..
710 4216 750 4279 eit,
761 4218 794 4270 K.
807 4257 839 4273 ..,
857 4216 940 4283 iacere,
951 4219 1025 4272 3²11.
1044 4234 1100 4282 esec,
1112 4215 1226 4283 R¹dssr.
