2896 4800
140 237 205 303 tot
369 218 373 224 ’
494 253 699 303 aerumnis
719 253 917 303 rrrsromsu

140 405 255 493 mergi.
287 404 426 494 Liguria
446 407 606 473 maritima
626 405 768 494 Alpibus
789 427 949 493 proxuma
969 427 1051 472 uvas
1072 405 1142 477 sole
1164 407 1272 474 sicca·

141 518 191 573 tas
219 507 304 574 iunci
327 507 437 573 fasciis
465 508 599 576 involvit
625 508 778 594 cadisque
807 508 953 576 conditas
981 530 1085 595 gypso
1112 507 1270 587 includit;

140 609 201 677 hoo
221 609 308 675 idem
330 606 449 676 Graeci
470 609 593 697 platani
623 609 711 675 foliis
740 620 797 675 aut
824 609 899 676 vitis
924 608 1029 696 ipsius
1050 619 1107 675 aut
1127 610 1182 678 fici
1204 632 1271 677 uno

140 711 195 778 die
217 713 250 777 in
270 711 386 778 umbra
407 711 534 777 siccatis
555 721 652 798 atque
671 713 705 775 in
721 711 802 776 cado
816 710 956 776 vinaceis
970 710 1180 796 interpositis,
1204 732 1272 797 quo

138 837 258 904 genere
282 811 353 879 Coa
373 835 438 878 uva
459 824 492 879 et
512 812 646 899 Berytia
673 823 821 878 servatur
846 811 966 878 nullius
993 811 1145 878 suavitati
1174 825 1272 900 post·

139 916 301 983 ferendae.
340 913 493 997 Quidam,
522 925 559 980 ut
585 915 643 980 has
665 913 797 994 faciant,
825 913 860 979 in
886 913 993 980 cinere
1014 913 1114 980 lixivo
1136 914 1270 1004 tingunt
1283 930 1314 980 st

138 1017 286 1106 protinus
307 1038 404 1102 quam
426 1018 595 1084 detraxere
617 1016 748 1095 vitibus,
770 1037 846 1082 mox
866 1015 901 1080 in
916 1015 983 1081 sole
998 1014 1130 1094 siccant,
1152 1039 1271 1103 passas

137 1118 172 1184 in
198 1142 281 1205 aqua
308 1119 410 1185 calida
437 1130 588 1208 mergunt
610 1118 782 1184 etiterum
810 1117 877 1183 sole
900 1116 1041 1195 siccant3
1071 1128 1140 1183 tum
1167 1118 1268 1200 foliis,

137 1232 175 1287 ut
196 1244 295 1309 supra
316 1221 437 1287 dictum
459 1232 518 1302 est,
539 1219 699 1286 involutas
713 1219 855 1285 vinaceis
869 1218 1000 1307 stipant.
1022 1215 1107 1285 Sunt
1122 1218 1181 1303 qui
1194 1242 1268 1287 ma-

137 1324 209 1389 lunt
236 1322 373 1399 uvasin
400 1321 496 1390 scobe
522 1322 715 1389 ramentisve
736 1321 869 1400 abietis,
897 1320 1025 1408 populi,
1054 1319 1173 1386 fraxini
1195 1342 1267 1387 ser-

138 1448 234 1504 vare3
258 1435 334 1491 sunt
353 1424 410 1510 qui
432 1424 588 1511 suspendi
609 1424 723 1510 procul
743 1423 836 1489 malis
857 1423 1067 1510 protinusque
1087 1423 1123 1488 in
1143 1444 1267 1511 grana-

137 1525 194 1591 riis
215 1524 337 1604 iubent,
361 1526 513 1610 quoniam
534 1537 664 1613 optume
684 1525 727 1590 sit
740 1525 938 1612 operimento
952 1524 1060 1612 pulvis
1073 1523 1268 1611 pensilibus.

139 1625 261 1693 Contra
289 1648 406 1712 vespas
432 1626 574 1694 remedio
596 1637 646 1693 est
670 1627 741 1693 oleo
769 1628 922 1716 adspergi
949 1649 990 1693 ex
1017 1648 1082 1693 ore.
1118 1625 1171 1694 De
1193 1629 1267 1716 pal·

138 1728 198 1795 mis
220 1727 370 1794 diximus.

180 1829 312 1897 XVIII.
347 1831 397 1897 19.
432 1829 464 1896 E
485 1832 609 1919 reliquo
630 1855 749 1923 genere
770 1853 938 1920 pomorum
963 1830 1044 1897 ficus
1064 1830 1268 1917 amplissima
1280 1849 1310 1895 ss

138 1942 188 1998 est
208 1934 430 2020 quaedamque
451 1945 485 2002 et
505 1935 584 2022 piris
604 1935 827 2025 magnitudine
848 1935 982 2001 aemula.
1003 1933 1056 2000 De
1075 1933 1268 2022 Aegyptiae

140 2030 348 2121 Cypriaeque
369 2036 531 2103 miraculis
552 2037 720 2104 retulimus
741 2037 823 2103 inter
848 2047 1005 2104 externas.
1040 2033 1141 2100 Idaea
1168 2035 1268 2105 rubet

137 2135 241 2202 olivae
261 2136 496 2224 magnitudine,
518 2139 683 2206 rotundior
704 2149 840 2218 tantum,
870 2159 985 2224 sapore
1006 2134 1152 2223 mespili3
1182 2136 1265 2204 Ale-

137 2238 329 2303 xandrinam
349 2239 432 2306 hanc
457 2239 503 2306 ibi
528 2252 655 2320 vocant,
685 2239 896 2307 crassitudine
922 2237 1064 2317 cubitali,
1090 2258 1265 2320 ramosam,

136 2340 290 2406 materiae
312 2341 461 2422 validam,
483 2342 612 2421 lentam,
640 2343 708 2409 sine
728 2342 822 2421 lacte,
850 2341 968 2407 cortice
990 2339 1096 2419 viridi,
1122 2339 1198 2406 folio
1221 2341 1265 2406 ti-

136 2441 197 2507 liae
224 2443 281 2508 sed
307 2444 404 2510 molli.
442 2441 648 2510 Onesicritus
677 2444 775 2509 tradit
800 2444 836 2508 in
857 2441 1024 2529 Hyrcania
1043 2441 1181 2507 multum
1202 2464 1264 2510 no·

139 2544 214 2609 stris
236 2566 306 2609 esse
328 2545 487 2612 dulciores
508 2546 753 2630 fertilioresque,
775 2557 812 2610 ut
832 2566 915 2629 quae
936 2543 1059 2609 modios
1073 2563 1179 2608 oonxx
1194 2544 1265 2609 sin·

137 2643 233 2730 gulae
253 2645 367 2710 ferant.
405 2644 462 2711 Ad
482 2668 541 2712 nos
564 2669 604 2712 ex
625 2646 694 2711 aliis
721 2646 874 2712 transiere
900 2645 1063 2733 gentibus,
1095 2640 1263 2723 Chalcide,
1276 2659 1310 2706 os

140 2739 235 2822 Chio,
261 2765 398 2828 quarum
419 2746 514 2833 plura
538 2768 670 2836 genera,
698 2747 856 2831 siquidem
878 2759 911 2812 et
931 2745 1058 2832 Lydiae
1079 2766 1163 2829 quae
1185 2755 1264 2811 sunt

138 2867 320 2933 purpureae
352 2856 385 2912 et
410 2849 611 2927 mamillanae
639 2848 880 2917 similitudinem
913 2871 1024 2915 earum
1051 2846 1187 2926 habent,
1228 2857 1262 2915 et

172 3052 240 3100 avae,
253 3045 312 3104 post
323 3038 401 3104 rnerpi
410 3039 539 3092 collocant
550 3042 618 3094 Pint
633 3047 658 3091 et
670 3040 789 3093 Schneid.
801 3042 835 3092 ad
847 3040 949 3092 Colum.
960 3040 978 3090 l.
990 3039 1008 3090 1.
1025 3077 1059 3090 ..
1073 3039 1178 3105 motor,
1189 3053 1215 3089 a.
1228 3080 1262 3090 .-

130 3104 234 3169 sussen,
251 3108 297 3158 ad.
316 3148 349 3158 ..
366 3116 483 3171 amantur,
495 3126 518 3160 a.
536 3117 669 3169 servantur,
682 3104 755 3174 dssy.
772 3151 805 3160 ..
823 3106 904 3171 nullia,
916 3109 1005 3159 Doleo.

172 3189 187 3251 ἐ
201 3195 241 3242 67.
259 3190 308 3253 loc,
320 3193 409 3242 Daleo.
428 3234 460 3243 ..
478 3192 558 3256 lixivo,
570 3195 615 3244 ad.
637 3191 726 3254 lixivio,
737 3208 763 3259 γ.
781 3233 814 3245 ...
828 3209 918 3258 pessos
933 3193 959 3241 e'n
973 3209 1040 3255 aquo
1056 3189 1137 3241 calido
1151 3201 1263 3256 merpant

138 3255 224 3321 (scrib.
237 3260 355 3323 rneryunt)
371 3268 394 3308 et
409 3259 492 3310 iterum
503 3261 552 3310 sole
562 3261 662 3322 siccant,
673 3262 699 3312 D
715 3264 748 3311 ad
763 3263 904 3325 marginem
919 3262 990 3310 verbi
1005 3261 1097 3310 ament
1106 3261 1188 3325 priore
1200 3261 1264 3310 loeo

138 3327 229 3391 positi3
242 3326 324 3376 omitt.
336 3319 428 3391 adssr.
449 3367 478 3377 ..
499 3336 554 3391 tum,
565 3331 599 3379 D.
617 3345 676 3390 carn,
688 3330 733 3377 ad
751 3369 783 3378 -
801 3345 875 3393 apro
886 3327 901 3388 ξ
912 3334 952 3378 66.
971 3370 1003 3377 .-
1021 3327 1054 3391 in,
1069 3329 1148 3377 omitt.
1164 3341 1262 3389 operae

138 3393 272 3455 Bardaici,
289 3408 314 3459 r.
333 3436 365 3444 -
383 3396 471 3456 scrobe,
487 3398 532 3446 ad.
552 3438 583 3446 ..
601 3395 761 3456 ramentisve,
778 3397 802 3445 d.
821 3437 853 3446 -
875 3395 967 3456 abietes,
984 3397 1043 3446 ad'2.
1070 3393 1172 3454 obiectes,
1188 3395 1260 3444 'l'd'.

139 3501 171 3511 ..
190 3459 282 3522 malint,
294 3462 327 3511 Κ.
345 3503 377 3512 ..
396 3460 482 3524 iubent,
494 3480 534 3513 ar.
556 3462 645 3525 iubant,
656 3464 690 3513 Ι).
714 3461 816 3525 iubeant,
829 3458 900 3528 dssr.
919 3504 951 3513 ..
969 3463 1088 3526 optimum,
1099 3461 1145 3512 Kt
1163 3460 1262 3524 optimo,

138 3530 184 3579 ΚΞ.
204 3569 235 3579 ..
253 3527 292 3590 ait,
307 3529 341 3578 K.
367 3527 409 3590 sic,
426 3532 470 3580 ad.
489 3572 520 3580 ..
539 3532 687 3595 operimento,
703 3532 749 3581 K2.
776 3529 950 3594 operimentum,
967 3531 1013 3582 Kt.
1040 3527 1199 3594 experimenti,
1215 3534 1262 3582 ad.

139 3597 255 3661 Vulgata
266 3612 324 3647 cum
336 3596 368 3647 sit
379 3607 464 3661 aperte
476 3607 602 3664 corrupta,
615 3613 629 3648 e
640 3599 752 3662 vestigiis
764 3600 881 3649 codicum
892 3600 1051 3650 scribendum
1060 3606 1122 3663 puto
1135 3595 1221 3662 optimi
1230 3597 1264 3647 sr't

140 3664 301 3730 experimenti,
312 3681 365 3715 nna
376 3667 455 3716 modo
466 3666 580 3717 litterula
591 3668 731 3717 immutata.
750 3708 782 3716 -
800 3665 903 3715 diximus
916 3672 956 3728 18,
968 3673 1009 3716 39.
1174 3668 1177 3673 ’

174 3750 243 3811 §aa
261 3748 297 3799 Et
307 3748 404 3814 reliquo,
416 3766 440 3800 a.
459 3793 490 3800 -
508 3749 622 3814 aemalae,
635 3753 659 3800 d
678 3793 709 3800 -
731 3749 1034 3814 retulimus13,56..58.
1053 3792 1085 3800 -
1103 3766 1220 3816 soporem,
1237 3768 1261 3802 a.

142 3818 261 3870 Ceterum
276 3835 300 3867 r.
317 3819 448 3884 Theophr.
465 3820 525 3870 hist.
543 3821 624 3885 plant.
640 3817 690 3868 ΙΠ.
710 3823 749 3882 17,
766 3825 789 3870 5.
808 3861 841 3870 ..
858 3834 966 3880 ramosa,
983 3836 1023 3870 ar.
1043 3859 1074 3868 ..
1092 3819 1219 3879 maara,
1236 3835 1261 3868 a.

141 3887 246 4005 gqtmm,
259 3889 323 3952 drr.
341 3885 444 3935 materia
455 3885 547 3950 validm
560 3886 631 3949 lento,
642 3888 731 3938 Daleo.
749 3925 782 3938 ..
800 3894 828 3935 et
839 3902 907 3950 quoe,
919 3888 943 3938 d.
962 3894 1041 3950 atque,
1053 3903 1076 3936 a.
1095 3927 1128 3936 -
1150 3884 1263 3948 CLXX,

175 4041 190 4102 ξ
203 4045 243 4089 69.
262 4039 384 4098 transiere,
397 4042 447 4091 ad²
460 4037 545 4102 (codd.
559 4037 630 4103 Gal.)
648 4039 757 4100 manare,
770 4035 833 4101 d¹ss.
846 4080 878 4089 -
896 4037 1048 4098 chalcideoio,
1057 4055 1080 4088 a
1102 4035 1263 4098 Cbolcidt'coe,

140 4122 161 4156 r.
180 4145 211 4155 ..
226 4107 450 4170 peram.d(codd.
466 4105 593 4168 Barbari.)
616 4107 717 4172 portien,
733 4109 768 4158 D.
786 4106 885 4172 sertim,
905 4099 954 4157 θα.
981 4105 1047 4154 lond
1057 4122 1153 4170 parum,
1170 4106 1263 4156 Dalec.

141 4173 304 4238 Quamquam
314 4177 381 4227 Plin
398 4178 497 4243 aliquot
513 4177 577 4228 locis
589 4191 678 4240 porum
693 4177 730 4226 ita
739 4176 878 4240 usurparit,
895 4182 924 4224 ut
941 4175 973 4224 sit
984 4175 1052 4224 idem
1064 4176 1133 4240 quod
1144 4190 1191 4223 nan
1202 4172 1264 4222 mal·

143 4249 202 4303 tan,
223 4243 264 4291 illi
279 4250 365 4293 tamen
380 4246 412 4295 ab
427 4246 478 4295 hoc
493 4253 553 4296 sunt
569 4245 672 4308 diversi3
693 4244 753 4308 qnid
769 4253 856 4295 tamen
871 4243 904 4294 sit
920 4245 1107 4306 reponendum,
1130 4242 1193 4291 mihi
1210 4257 1264 4293 nou
