2896 4800
425 271 495 319 mn.
511 271 585 319 xrv.
615 271 694 319 cnr.
710 271 798 319 xxu.
827 269 926 319 anor.
942 273 974 316 ra
998 260 1000 265 “
1197 253 1261 319 443

137 437 187 492 tas
208 436 252 504 et,
276 424 304 490 si
324 423 375 489 dis
396 423 512 509 placet,
535 423 660 490 emitur.
696 422 792 490 Alius
813 432 850 488 ut
871 431 1028 508 quantum
1049 421 1168 488 biberit
1189 432 1260 488 tan·

138 538 208 593 tum
236 527 311 592 edat
338 524 478 612 pretium
506 524 699 591 vinolentiae
726 525 799 612 lege
827 523 960 610 accipit,
995 523 1076 588 alius
1105 534 1262 607 quantum

136 629 207 694 alea
236 626 408 711 quaesierit
439 635 564 691 tantum
596 624 687 692 bibit.
732 624 827 692 Tunc
854 623 941 690 avidi
969 635 1148 690 matronam
1177 625 1261 692 oculi
1275 640 1323 687 141

136 728 289 807 licentur,
322 748 440 816 graves
468 727 611 813 produnt
636 726 768 806 marito,
801 736 878 792 tunc
904 725 1002 791 animi
1031 735 1155 791 secreta
1182 748 1261 812 pro-

136 831 290 896 feruntur.
323 826 392 894 Alii
419 838 611 895 testamenta
637 851 696 894 sua
720 836 924 914 nuncupant,
952 826 1007 892 alii
1026 827 1193 893 mortifera
1213 828 1262 894 lo-

137 941 254 996 cuntur
273 931 495 1016 rediturasque
514 953 575 1017 per
591 930 740 1018 iugulum
758 951 856 996 voces
875 949 940 994 non
962 929 1135 1008 continent,
1163 951 1261 1014 quam

136 1033 245 1098 multis
271 1031 317 1096 ita
340 1031 558 1118 interemptis,
587 1032 747 1121 volgoque
775 1030 895 1097 veritas
920 1030 985 1095 iam
1010 1029 1165 1095 attributa
1185 1031 1262 1096 vino

138 1144 197 1199 est.
230 1133 361 1199 Interea
381 1142 418 1198 nt
438 1143 570 1219 optume
591 1132 694 1211 cedat,
717 1132 816 1199 solem
837 1133 991 1197 orientem
1011 1153 1076 1196 non
1097 1131 1207 1197 vident
1223 1153 1262 1197 ac

137 1234 244 1299 minus
266 1233 322 1298 din
343 1231 468 1298 bibunt.
494 1233 583 1300 Hinc
603 1234 707 1320 pallor
728 1243 761 1300 et
781 1255 884 1322 genae
905 1232 1075 1320 pendulae,
1097 1234 1262 1298 oculorum
1275 1247 1327 1294 141

137 1336 262 1413 ulcera,
285 1334 440 1401 tremulae
460 1357 574 1402 manus
596 1336 797 1402 cffimdentes
819 1335 915 1420 plena
936 1357 1015 1400 vasa
1036 1343 1084 1413 et,
1113 1334 1263 1418 quaesit

137 1456 242 1521 paena
269 1457 440 1520 praesens,
473 1437 604 1504 firriales
634 1437 736 1504 somni
765 1445 798 1503 et
827 1436 954 1522 inquies
981 1447 1140 1501 nocturna
1166 1456 1262 1520 prae·

137 1535 301 1621 miumque
327 1558 490 1603 summum
514 1540 678 1606 ebrietatis
699 1538 799 1604 libido
819 1547 1007 1624 portentosa
1027 1561 1066 1604 ac
1086 1537 1263 1602 iucundum

137 1635 243 1714 nefas3
265 1648 394 1725 postero
415 1639 469 1705 die
489 1662 531 1705 ex
552 1662 607 1706 ore
628 1640 746 1705 halitus
766 1639 838 1706 cadi
859 1661 897 1705 ac
916 1640 985 1705 fere
998 1662 1106 1705 rerum
1120 1637 1262 1704 omnium

136 1734 255 1805 oblivio
281 1761 432 1824 morsque
456 1743 635 1807 memoriae
667 1740 796 1828 Rapere
819 1740 922 1806 scita
941 1741 1042 1806 vitam
1063 1739 1261 1825 praedicant,
1276 1753 1325 1799 111

137 1859 211 1902 cum
237 1838 378 1924 priorem
408 1841 494 1906 diem
521 1841 819 1926 cotidieperdant,
849 1841 895 1905 illi
916 1862 995 1906 vero
1018 1848 1050 1904 11
1069 1841 1261 1905 venientem.
1356 1837 1360 1843 ’

137 1936 269 2004 Tiberio
299 1938 435 2006 Claudio
462 1941 609 2028 principe
636 1951 712 2006 ante
738 1940 796 2006 hoe
826 1963 927 2006 annos
947 1963 991 2004 xa
1017 1939 1200 2004 institutum
1225 1948 1263 2005 ut

90 2121 91 2124 Ἴ
136 2037 237 2103 ieiuni
256 2038 405 2105 biberent
425 2050 586 2126 potusque
607 2039 675 2106 vini
701 2041 904 2106 antecederet
931 2039 1036 2119 cibos,
1065 2039 1207 2105 externis
1229 2049 1262 2104 et

138 2139 199 2206 hoc
220 2139 342 2205 artibus
363 2163 402 2206 ac
421 2141 631 2208 medicorum·
646 2141 773 2228 placitis
797 2142 940 2208 novitate
959 2141 1068 2226 aliqua
1090 2163 1161 2207 sese
1183 2163 1261 2206 con-

137 2242 367 2306 mendantium.
405 2239 551 2307 Gloriam
576 2244 637 2308 hac
665 2242 784 2309 virtute
805 2241 920 2308 Parthi
938 2252 1113 2328 quaerunt,
1142 2244 1261 2308 famam
1275 2256 1324 2302 144

138 2342 227 2427 apud
248 2339 393 2409 Graecos
412 2343 601 2410 Alcibiades
621 2344 748 2423 meruit,
775 2346 863 2431 apud
883 2365 944 2410 nos
965 2366 1142 2432 cognomen
1164 2342 1261 2408 etiam

138 2442 304 2508 Novellius
320 2443 504 2529 Torquatus
526 2443 790 2526 Mediolanensis,
812 2446 854 2511 ad
874 2446 1136 2533 proconsulatum
1157 2465 1261 2529 usque

138 2566 157 2609 e
178 2554 329 2629 praetura
349 2545 523 2613 honoribus
544 2547 662 2635 gestis,
686 2546 788 2613 tribus
810 2547 948 2634 congiis,
977 2547 1118 2631 undeet
1139 2566 1260 2634 cogno-

137 2668 212 2712 men
237 2644 285 2711 illi
310 2647 388 2727 fuit,
419 2648 524 2735 epotis
548 2671 614 2714 uno
640 2648 770 2734 inpetu,
799 2659 964 2734 spectante
990 2649 1135 2715 miraculi
1156 2646 1262 2736 gratia

138 2746 269 2813 Tiberio
295 2749 442 2839 principe
469 2749 505 2816 in
533 2762 660 2817 senecta
687 2750 751 2815 iam
778 2773 891 2817 severo
916 2761 1014 2836 atque
1041 2751 1137 2816 etiam
1163 2770 1261 2815 saevo

126 2848 235 2926 'alias3
269 2850 328 2915 sed
353 2851 427 2937 ipsa
452 2852 584 2919 iuventa
612 2851 656 2916 ad
681 2874 805 2917 merum
832 2851 963 2939 pronior
990 2851 1106 2918 fixerat.
1145 2848 1260 2936 anue
1275 2865 1323 2911 1411

138 3035 205 3098 dant,
221 3039 312 3090 Dalec.
335 3039 429 3090 ltcastcr
442 3058 529 3105 proves
540 3041 649 3107 produnt
664 3042 771 3104 maritos,
786 3043 865 3094 Hard-
883 3083 917 3092 ..
937 3041 1069 3106 mortifero,
1086 3058 1109 3092 a.
1131 3039 1260 3105 mortifere,

142 3096 220 3155 θΤᾱ.
247 3107 316 3156 Hinc
332 3109 394 3158 milri
409 3125 558 3174 persuasum
575 3119 613 3161 est
628 3109 742 3160 Plinium
759 3111 887 3175 scripsisse
902 3108 1028 3173 mortifera
1044 3106 1182 3172 eloquuntur
1197 3107 1259 3156 coll.

138 3171 246 3233 Quintil.
259 3174 334 3225 VIIL
347 3191 459 3240 prooem.
475 3181 513 3227 11.
537 3218 569 3227 -
588 3192 714 3241 perquam
730 3177 819 3228 Delec.
838 3218 870 3227 ..
889 3176 1024 3241 perempta,
1040 3176 1160 3226 AmbaI.
1172 3174 1208 3224 11.
1226 3214 1259 3224 ..

137 3239 195 3300 ianr,
207 3256 259 3293 om.
271 3244 296 3292 d.
314 3284 345 3294 ..
364 3243 483 3305 cambato,
496 3261 519 3295 a.
538 3286 570 3295 -
588 3245 648 3306 vrbo,
661 3248 748 3296 om.d.
767 3285 799 3296 ..
816 3243 864 3294 abi
873 3243 917 3294 cdi
926 3261 980 3308 noa,
991 3244 1080 3295 Heius.
1092 3245 1150 3294 adv.
1161 3258 1187 3307 p.
1201 3246 1259 3293 101.

138 3347 171 3358 ,.
190 3308 278 3372 bibunt,
289 3311 379 3362 Tadr.
392 3313 476 3374 vivent,
488 3307 517 3374 β.
536 3312 624 3375 rivum,
636 3313 716 3364 Hand.
728 3328 743 3363 1
754 3314 827 3363 codd.

172 3393 257 3455 5142.
279 3394 330 3447 ffic
341 3395 446 3461 pallore,
462 3415 486 3448 a.
504 3439 536 3449 ..
551 3395 667 3463 pendula,
684 3414 707 3448 a.
726 3437 756 3447 ..
777 3395 887 3460 aalma,
904 3398 936 3448 Τ.
955 3438 987 3448 ..
1010 3404 1045 3456 et,
1064 3397 1145 3446 omitt
1163 3397 1208 3446 ad.
1225 3435 1257 3445 -

129 3459 173 3522 fit,
184 3479 205 3512 r.
223 3503 255 3512 -
274 3471 418 3528 portentoso,
434 3469 471 3517 ad
484 3463 555 3528 (cod.
573 3467 685 3531 optimus
701 3481 742 3531 ap.
756 3466 871 3517 Oudend.
888 3469 920 3517 ad
931 3466 1002 3518 Suet.
1014 3467 1090 3516 Dom.
1103 3461 1140 3526 4.)
1183 3471 1260 3512 orten-

139 3535 214 3606 moso,
229 3546 243 3578 r
259 3526 393 3593 (quattuor
408 3535 482 3583 codd.
499 3535 609 3584 iuniores
626 3531 758 3597 Oudend.)
776 3575 807 3584 -
823 3541 925 3598 postero,
941 3526 970 3582 θ.
989 3541 1096 3597 postero,
1112 3480 1182 3594 adsi
1200 3568 1207 3582 .
1226 3571 1258 3580 .-

138 3592 464 3727 badt’fadoiiqocid‘sidil')
478 3599 545 3664 fedi,
557 3601 585 3653 S.
594 3599 675 3664 foedi,
686 3618 707 3650 r.
723 3599 824 3664 foetidi,
834 3601 881 3651 K'.
903 3599 979 3662 cradi,
990 3601 1037 3651 K'2.
1056 3641 1088 3650 ..
1098 3599 1164 3664 fere,
1177 3598 1259 3648 omitt.

172 3745 187 3808 5
203 3751 258 3799 143.
276 3745 315 3797 alli
323 3764 385 3806 wo,
397 3751 434 3799 ad
446 3746 534 3813 (codd.
547 3751 618 3815 Get.)
635 3751 705 3801 immo
716 3769 779 3815 vero,
791 3754 824 3803 K

172 3830 257 3894 §144
283 3831 501 3896 Novellas,codd.
517 3837 585 3887 Bnd.
602 3840 815 3902 desusceptum.
840 3877 869 3886 -
893 3853 917 3899 e,
934 3839 1016 3888 omitt.
1033 3840 1057 3889 d.
1082 3878 1114 3886 -
1137 3835 1259 3902 aequm,

137 3900 227 3951 Ambr.
244 3903 265 3953 1.
284 3942 316 3952 ..
339 3918 434 3960 nomen,
450 3904 577 3955 Ambr.L
601 3945 633 3954 ..
661 3904 769 3968 Tibersb,
785 3905 823 3955 ad
840 3903 942 3968 (omnes
958 3907 1032 3957 codd.
1047 3902 1137 3966 Rern.)
1164 3903 1259 3954 sters'o

142 3966 249 4031 Claudio,
266 3969 344 4022 Hard.
362 3971 444 4023 tacite.
463 4013 495 4021 -
512 3978 614 4033 senecta,
626 3975 656 4023 <1²
668 3969 771 4034 (Ambr.
784 3971 833 4036 Π.)
856 3980 953 4034 senecta,
969 3975 1006 4024 d'.
1028 3980 1142 4035 secatum,
1154 3990 1170 4024 a
1182 3972 1259 4037 (Am-

138 4033 294 4110 111111.)-
306 4038 394 4102 sobrio,
403 4040 470 4090 Pina
480 4081 512 4089 ..
524 4046 596 4103 atque
608 4038 687 4102 auum,
699 4043 715 4091 d
727 4038 829 4103 (Ambr.
842 4038 891 4102 11.)
908 4057 1026 4104 aequom
1037 4040 1116 4104 etiam,
1125 4056 1148 4090 1.
1166 4056 1225 4106 equo
1236 4046 1259 4089 ct

140 4115 195 4160 rom,
207 4102 297 4152 Ambr.
310 4104 332 4152 Ι.
350 4148 382 4157 ,.
400 4123 471 4157 soevo
487 4105 584 4170 oliuae
595 4106 698 4171 (Ambr.
708 4105 742 4169 Ι.)
760 4107 885 4170 Scaevola,
896 4111 912 4158 d
928 4108 967 4171 (in
978 4125 1066 4161 rasura
1076 4117 1102 4160 11
1113 4109 1202 4162 Ambr.
1210 4106 1259 4167 11.)

140 4166 257 4217 Ceterum
273 4171 341 4222 Pint.
357 4181 383 4224 et
398 4176 490 4225 Mutet.
506 4191 556 4227 var.
575 4176 633 4228 lect.
653 4182 692 4238 15,
707 4181 745 4227 16.
762 4192 801 4227 vv.
819 4175 999 4241 atque-olias
1015 4185 1044 4230 ut
1059 4178 1199 4231 adulterina
1216 4179 1258 4229 dc-

140 4235 200 4284 lcut.
220 4276 251 4284 ..
271 4236 331 4301 apsa,
344 4255 366 4288 a.
384 4239 438 4304 spons,
450 4243 532 4293 KTd.
