2896 4800
75 258 79 263 '
188 258 250 320 374
541 270 745 318 nuruamrs
767 270 963 318 ursromsu

189 448 230 491 ex
251 433 386 508 utraque
407 432 499 509 parte
520 422 675 507 corporis.
697 420 738 486 L.
761 419 903 487 Plotium
924 420 965 486 L.
987 420 1101 486 Planci
1123 421 1173 486 bis
1193 443 1313 488 consu-

188 528 229 593 lis
250 523 454 608 censorisque
475 524 616 602 fratrem,
644 523 862 610 proscriptum
890 545 911 588 a
932 522 1119 601 triumviris,
1147 522 1181 587 in
1203 520 1314 590 Saler-

188 629 299 692 nitana
319 624 443 692 latebra
463 625 619 707 unguenti
640 625 737 691 odore
764 625 929 712 proditum
957 634 1093 703 constat,
1122 646 1186 709 quo
1213 624 1314 690 dede-

189 750 261 795 core
291 737 359 793 tota
386 726 530 793 absoluta
557 726 750 814 proscriptio
778 735 837 792 cst.
875 724 959 807 Quis
988 726 1073 793 enim
1104 747 1170 791 non
1197 727 1316 793 merito
1379 741 1385 749 '

188 829 309 897 iudicet
329 829 466 916 periisse
489 828 588 894 talis?

232 933 262 997 6.
296 929 414 998 Cetero
436 939 594 997 terrarum
620 931 761 995 omnium
780 929 957 1016 Aegyptus
979 929 1361 997 adcommodatissimum

189 1034 383 1121 unguentis3
406 1033 448 1100 ab
469 1055 508 1101 aa
523 1031 702 1120 Campania
715 1042 767 1097 cst
779 1032 873 1119 copia
886 1053 989 1097 rosae.
1017 1030 1079 1098 IV.
1100 1031 1222 1098 Iudaea
1235 1055 1314 1098 vero

188 1135 310 1202 incluta
331 1144 381 1201 est
401 1134 454 1200 vel
474 1134 579 1223 magis
606 1133 733 1220 palmis,
760 1155 898 1218 quarum
922 1141 1040 1198 natura
1064 1155 1152 1200 nunc
1177 1133 1315 1201 dicetur.

192 1234 277 1303 Sunt
296 1236 429 1322 quidem
451 1247 484 1301 et
505 1237 540 1302 in
561 1235 695 1321 Europa
715 1234 874 1323 volgoque
893 1234 998 1313 Italia,
1021 1234 1080 1300 sed
1101 1236 1226 1302 steriles
1232 1261 1242 1314 3
1263 1237 1316 1301 fe-

188 1348 265 1406 rrmt
284 1338 319 1403 in
339 1337 509 1404 maritimis
529 1337 710 1424 Hispaniae
739 1337 892 1417 fructum,
919 1359 1033 1403 verum
1053 1335 1210 1416 inmitem,
1239 1337 1315 1404 dul-

190 1462 262 1508 cem
281 1441 316 1506 in
335 1439 460 1518 Africa,
491 1439 549 1504 sed
570 1439 678 1504 statim
699 1450 962 1516 evanescentem
993 1449 1105 1505 contra
1125 1438 1161 1504 in
1179 1440 1315 1507 oriente.

190 1542 245 1608 Ex
264 1542 316 1607 his
337 1541 414 1606 vina
435 1541 645 1629 gentiumque
667 1539 782 1625 aliquis
810 1541 913 1628 panis,
940 1539 1098 1628 plurumis
1119 1563 1197 1608 vero
1219 1544 1316 1608 etiam
1329 1557 1361 1606 ar

194 1643 432 1729 quadripedum
447 1641 549 1721 cibus,
568 1641 777 1726 quamobrem
790 1642 861 1709 iure
874 1643 1024 1709 dicentur
1037 1652 1197 1710 externae.
1217 1643 1317 1711 Nulla

193 1751 242 1809 est
258 1742 297 1808 in
310 1742 407 1810 Italia
429 1753 544 1830 sponte
564 1743 673 1831 genita
694 1742 810 1810 necin
831 1743 893 1810 alia
913 1753 1006 1831 parte
1029 1755 1188 1810 terrarum
1200 1746 1264 1811 nisi
1281 1746 1316 1810 in

193 1844 306 1923 calida,
327 1845 483 1934 frugifera
503 1867 580 1911 vero
600 1866 762 1930 nusquam
782 1845 844 1912 uisi
864 1845 900 1911 in
921 1846 1056 1913 fervida

234 1945 266 2011 7.
289 1941 446 2033 Gignitur
464 1947 530 2015 levi
544 1946 759 2032 sabulosaque
780 1956 879 2026 terra,
900 1947 1022 2014 maiore
1042 1947 1077 2012 in
1097 1957 1191 2034 parte
1212 1957 1245 2012 et
1263 1946 1316 2012 ni·
1330 1963 1363 2010 aa

192 2057 294 2125 tmsa3
330 2048 452 2136 gaudet
471 2050 586 2138 riguis,
614 2059 745 2134 totoque
765 2071 851 2114 anno
870 2049 982 2116 bibare
998 2071 1084 2115 *oum
1108 2059 1205 2128 amet,
1232 2070 1316 2114 anno

192 2149 313 2217 sitienti
334 2172 354 2215 a
374 2151 449 2217 fimo
471 2151 603 2236 quidam
625 2151 722 2217 etiam
742 2149 828 2217 laedi
848 2158 979 2238 putant,
1008 2149 1218 2236 Assyriorum
1238 2171 1316 2234 pars

190 2251 309 2338 aliqua,
333 2251 362 2318 si
374 2262 447 2319 'non
467 2253 546 2319 rivis
569 2254 712 2320 misceat.
749 2249 879 2319 Genera
900 2274 1011 2317 earum
1031 2252 1136 2338 plura,
1159 2262 1192 2319 et
1210 2251 1317 2338 prima

190 2354 339 2422 fruticem
358 2376 424 2421 non
446 2356 644 2435 excedentia,
668 2353 808 2421 sterilem
829 2354 925 2432 huno,
948 2353 1049 2420 aliubi
1069 2364 1103 2420 et
1122 2354 1231 2441 ipsum
1250 2355 1315 2420 fer·

189 2455 278 2522 tilem
304 2455 459 2540 brevique
485 2476 647 2522 ramorum
673 2455 751 2523 orbe
779 2455 938 2525 foliosum.
974 2455 1106 2523 Tcotori
1131 2455 1236 2523 vicem
1261 2454 1362 2523 hicaa

225 2676 255 2710 en
264 2669 366 2726 utroque
374 2703 407 2714 ...
418 2662 532 2728 corporis,
543 2664 628 2726 „intus
639 2665 762 2728 potando,
773 2662 836 2716 ioris
846 2663 987 2714 liniendo.”
1004 2660 1183 2715 nanuum.
1195 2703 1228 2712 ..
1244 2659 1315 2712 Poli-

191 2723 346 2792 catastae.
363 2770 396 2780 ..
413 2729 503 2781 Planci
517 2730 559 2794 bie,
576 2732 623 2782 ad.
639 2730 823 2793 Panaima
840 2772 873 2782 ..
890 2729 999 2792 consulis,
1010 2730 1042 2781 R.
1065 2739 1109 2794 tor,
1121 2733 1167 2782 ad.
1184 2771 1216 2781 ..
1233 2744 1315 2779 censo-

190 2810 265 2860 resue,
278 2794 324 2847 ad.
342 2837 375 2850 ,.
395 2795 628 2861 Salurnitane,Ra.
654 2795 816 2863 Solmissos,
832 2800 857 2850 d.
875 2840 907 2850 ...
925 2797 992 2864 quod
1005 2805 1028 2850 et
1043 2796 1134 2862 decore,
1150 2796 1182 2850 R.
1201 2837 1233 2848 ..
1250 2794 1316 2847 iudi·

191 2879 236 2927 cea,
248 2879 272 2914 a.
289 2905 322 2916 ..
335 2864 455 2930 perimeret,
467 2881 490 2916 a.
504 2866 615 2932 perisset,
627 2865 652 2917 d.

225 2964 294 3028 §aa
314 2962 403 3032 cetero,
414 2961 492 3021 Βθᾶ.
517 2951 609 3032 Geato,
621 2983 645 3018 a.
668 2963 783 3032 Oetaeos,
793 2963 824 3031 β.
841 3009 875 3021 ..
893 2965 1119 3032 ocenumodbaime,
1133 2959 1183 3019 Oa.
1202 3007 1234 3017 -
1251 2980 1315 3027 vero,

189 3033 505 3171 fflirllffdiffllbldlm’
519 3051 544 3087 a.
562 3075 596 3088 ...
619 3042 643 3087 et
658 3034 692 3101 in,
707 3034 740 3089 R.
761 3035 796 3100 in,
811 3039 857 3090 ad.
874 3077 907 3088 ..
923 3035 1035 3102 suerunt,
1051 3037 1084 3088 R.
1103 3076 1137 3089 ..
1158 3034 1317 3097 eumenum

223 3205 293 3268 5²⁷·
310 3201 406 3268 aliquia,
417 3205 491 3264 lind.
508 3203 636 3276 aliquibus,
646 3201 697 3271 βγ.
716 3245 747 3255 -
766 3202 922 3270 φωᾰνίρεᾱο,
933 3202 966 3256 R.
984 3245 1017 3255 ..
1034 3202 1212 3270 sponte-olio
1222 3203 1317 3254 retinui

190 3286 225 3322 ex
236 3267 265 3333 β.
282 3273 333 3324 Pro
345 3273 386 3324 bis
397 3274 477 3326 habet
487 3280 568 3338 mole
579 3281 603 3325 et
613 3273 678 3323 ratio
688 3273 727 3337 R3
748 3280 828 3325 totam
839 3273 983 3325 clansmam
995 3273 1077 3325 omitt.
1089 3273 1164 3324 Tad.
1190 3269 1270 3323 Nullo
1280 3276 1317 3318 eat

182 3338 285 3468 mgb,
295 3340 456 3456 {ararim
474 3378 507 3391 ..
522 3339 618 3406 polide,
633 3343 666 3397 R.
692 3340 779 3404 aalma,
791 3343 816 3392 d.
840 3339 944 3408 pollice,
955 3354 979 3391 a.
997 3378 1030 3393 ...
1048 3337 1194 3404 arsacide,
1206 3339 1251 3388 ad.
1278 3335 1317 3384 int

225 3504 294 3567 §²⁸-
310 3502 407 3569 pendet,
418 3508 450 3559 R
471 3506 561 3572 pendet
572 3515 601 3572 et,
613 3505 707 3577 adssr.
731 3551 764 3567 .,
786 3506 861 3576 ripun,
872 3507 905 3561 R.
922 3551 955 3563 ..
973 3522 1036 3560 nnnc
1047 3503 1200 3568 eumaeo.
1217 3503 1315 3567 sitienti,

115 3611 121 3619 ,
190 3570 224 3624 R.
244 3569 351 3621 urimur
368 3574 463 3625 omisso
479 3590 504 3638 a,
518 3593 540 3629 r.
562 3576 683 3629 Ceterum
694 3594 710 3630 a
720 3594 761 3629 vv.
773 3576 864 3642 Afimc
875 3593 970 3629 novam
981 3576 1114 3642 periodum
1128 3575 1254 3641 incipiunt
1264 3568 1317 3639 βγ.

191 3679 225 3692 ...
243 3637 352 3705 qnidam,
363 3640 395 3692 R„
412 3641 540 3708 quaedam,
551 3647 598 3696 ad,
619 3643 721 3710 quidem,
732 3643 783 3711 βγ.
802 3687 835 3696 ..
851 3643 1058 3712 amrbarum
1081 3641 1210 3708 elil-We
1222 3637 1317 3707 aossr.

191 3747 225 3759 ..
236 3707 342 3771 mbeeet,
351 3709 421 3761 Rar.
437 3710 571 3776 miaeenurr,
582 3708 655 3779 ᾱβγ.
668 3714 766 3764 Totum
776 3714 873 3777 locum,
885 3715 937 3778 qui,
948 3720 978 3764 nt
985 3712 1066 3775 vulgo
1077 3712 1221 3776 legebatur,
1233 3723 1318 3773 neque

191 3791 209 3826 a
225 3778 350 3828 sententia
365 3792 448 3841 neque
467 3795 484 3830 a
503 3782 669 3844 grammatica
688 3783 881 3831 commendatur
902 3779 939 3844 (r,
956 3780 1076 3837 Schneid.
1093 3780 1128 3831 ad
1143 3778 1316 3842 Theophrast.

192 3844 211 3893 l·
222 3844 241 3894 l.
253 3843 290 3897 II.
303 3852 327 3908 6,
340 3852 364 3896 8.
375 3861 402 3910 p.
413 3845 484 3911 119.)
501 3857 527 3899 et
538 3850 579 3900 cni
589 3849 642 3899 iam
652 3850 721 3902 Pint.
737 3849 884 3900 coniectura
894 3848 991 3899 infelici
1006 3849 1180 3911 succurrebat,
1194 3861 1228 3898 ex
1239 3844 1316 3894 resti·

192 3911 241 3973 giis
262 3914 355 3964 codicis
371 3914 396 3964 R
411 3916 573 3967 emendatum
591 3918 661 3978 dedi3
683 3914 782 3981 quidem
802 3925 863 3968 sunt
882 3917 1042 3980 intelligendi
1059 3915 1158 3967 Rhodii
1178 3913 1317 3966 seeundum

193 3978 414 4044 Theophrastum
430 3985 464 4034 ad
480 3998 520 4033 rr.
535 3982 623 4048 Astyr.
636 3999 699 4048 pore
713 3982 799 4048 alequa
814 3999 848 4035 ex
863 3985 1036 4049 superioribus
1042 3982 1143 4048 palmea
1154 3983 1236 4048 nflmo
1253 3976 1319 4039 laedi

189 4051 263 4109 pule!
273 4049 452 4113 supplendum.
470 4090 503 4102 ..
517 4049 597 4114 ¹plara
607 4058 637 4113 et,
651 4066 703 4103 om.
713 4069 734 4102 r.
752 4093 785 4102 ..
799 4051 988 4114 frutiee,Bad.
1006 4091 1039 4102 -
1062 4049 1168 4112 aldid.
1186 4091 1219 4101 ..
1241 4047 1317 4100 brevi·

194 4113 388 4178 que-,foliosum
396 4119 470 4169 codd,
482 4117 541 4169 (iel.
558 4118 693 4183 brevemque
703 4118 769 4168 rami
778 4121 856 4170 orbem
859 4119 986 4185 selibram,
998 4119 1030 4169 R.
1059 4119 1185 4183 breuesque
1196 4130 1316 4169 emmeram

194 4177 376 4248 Wl‘s‘tlt'mta,
388 4186 423 4238 d,
433 4185 559 4249 breuem
569 4186 635 4236 rami
643 4186 718 4249 atres.
730 4185 839 4251 oliorum,
850 4204 874 4239 a.
896 4187 977 4238 beree
992 4185 1069 4237 mmm
1079 4186 1146 4236 obire
1159 4187 1245 4237 ambra
1252 4182 1317 4248 solis

195 4263 269 4312 oram,
284 4265 305 4301 r.
331 4249 494 4324 Quamquam
509 4252 586 4316 lectio
597 4254 702 4318 vulgata
713 4264 801 4329 aperte
816 4264 856 4310 eet
872 4255 1040 4320 interpolata,
1060 4255 1141 4308 malm
1156 4262 1244 4309 minen
1259 4267 1316 4317 eam
