2896 4800
190 227 254 290 344
316 300 320 309 Ι
541 240 745 288 neruoram
767 240 962 291 meroamn

232 395 292 461 30.
320 392 530 461 Cinnamomo
552 414 709 478 proxuma
728 392 894 481 gentilitas
909 402 988 472 erat,
1010 392 1045 458 ni
1058 393 1151 481 prius
1164 394 1311 463 Arabiae
1326 415 1358 460 51

190 495 320 562 divitias
351 493 487 560 indicari
520 494 706 560 conveniret
738 515 916 578 causasque
947 516 1030 579 quae
1059 518 1238 583 cognomen
1263 499 1312 564 illi

189 597 290 664 felicis
314 620 353 663 ac
373 597 488 664 beatae
509 596 638 662 dedere.
670 596 867 684 Principalia
888 618 965 686 ergo
993 597 1027 662 in
1052 598 1119 691 illa·
1132 610 1185 666 tus
1211 611 1311 686 atque

189 722 308 776 murra,
329 698 409 764 haec
419 707 452 764 et
465 720 539 763 cum
553 697 752 785 Trogodytis
767 698 949 775 conmunis3
971 697 1069 765 XIV.
1092 709 1165 766 tura
1179 713 1312 789 praeter
1374 732 1378 739 ¹

187 798 344 867 Arabiam
369 798 466 864 nullis
495 821 534 864 ac
554 821 596 864 ne
617 797 759 866 Arabiae
780 798 910 883 quidem
931 800 1110 866 universae.
1143 801 1183 866 In
1204 802 1311 869 medio
1324 816 1358 863 52

189 901 258 967 eius
287 901 356 966 fere
385 909 459 965 sunt
488 897 679 977 Atramitae,
712 922 817 987 pagus
845 897 1056 981 Sabaeorum,
1085 902 1198 989 capite.
1215 903 1311 990 regni

189 999 311 1068 Sabota
342 1001 376 1064 in
408 1009 514 1066 monte
549 1001 694 1078 excelso,
724 1023 744 1065 a
773 1021 838 1085 quo
864 1011 937 1067 octo
964 1003 1185 1071 mansionibus
1213 1003 1312 1070 distat

187 1103 279 1191 regio
317 1123 430 1168 eorum
467 1100 601 1166 turifera
634 1099 722 1168 Saba
760 1101 921 1188 appellata
953 1155 995 1167 ..
1034 1103 1096 1169 hoc
1129 1102 1310 1190 significare

190 1201 310 1269 Graeci
330 1200 520 1287 mysterium
541 1201 654 1268 dicunt
671 1257 713 1267 ..
719 1227 728 1278 3
753 1212 877 1290 spectat
898 1211 988 1281 ortus
1009 1205 1085 1270 solis
1100 1204 1224 1282 aestivi,
1245 1227 1309 1270 un·

189 1303 288 1389 dique
314 1303 451 1390 rupibus
475 1302 563 1368 invia
589 1314 622 1369 et
648 1327 668 1369 a
693 1304 828 1369 dextera
855 1304 936 1369 mari
964 1307 1106 1391 scopulis
1127 1307 1309 1382 inaccess03

188 1405 224 1471 id
253 1407 356 1471 solum
382 1428 401 1471 e
426 1403 523 1469 rubro
544 1404 681 1471 lacteum
708 1405 854 1470 traditur.
888 1403 1051 1472 Silvarum
1070 1407 1238 1496 longitudo
1260 1417 1311 1474 est

189 1505 321 1572 schoeni
346 1528 405 1581 xx,
437 1504 572 1570 latitudo
600 1505 768 1571 dimidium
795 1506 875 1573 eius.
916 1504 1085 1575 Schoenus
1110 1519 1201 1596 patet
1224 1509 1309 1575 Era·
1322 1520 1356 1566 5³

189 1607 346 1672 tosthenis
370 1605 495 1671 ratione
522 1606 692 1671 stadia'xn
717 1606 779 1673 hoc
802 1617 852 1673 est
872 1630 958 1693 pass.
980 1633 1004 1674 v
1023 1634 1064 1689 u3
1091 1611 1191 1695 aliqui
1211 1634 1310 1676 xxxn

190 1707 294 1774 stadia
315 1706 451 1793 singulis
472 1706 618 1779 schoenis
640 1708 766 1774 dedere.
788 1707 991 1775 Attolluntur
1012 1711 1108 1778 eolles
1121 1711 1178 1776 alti
1192 1711 1308 1777 decur-

188 1818 328 1893 runtque
351 1818 384 1875 et
403 1807 437 1872 in
457 1809 555 1895 plana
574 1809 704 1876 arbores
719 1819 832 1896 sponte
846 1820 951 1877 natae.
975 1811 1110 1878 Terram
1123 1811 1309 1900 argillosam

189 1933 261 1979 esse
283 1909 441 1988 convenit,
469 1909 550 1976 raris
575 1910 717 1977 fontibus
743 1933 782 1977 ac
806 1911 946 1977 nitrosis.
978 1912 1155 2002 Attingrmt
1180 1923 1213 1979 et
1238 1912 1309 1977 Mi-

187 2012 271 2093 naei,
297 2035 404 2102 pagus
432 1997 524 2091 alius,
554 2034 614 2098 per
639 2034 719 2098 quos
748 2013 894 2080 evehitur
918 2035 984 2078 uno
1006 2015 1133 2081 tramite
1152 2024 1307 2102 angust03

188 2113 222 2178 hi
249 2114 345 2200 primi
373 2113 587 2180 conmercium
620 2113 701 2179 turis
727 2114 833 2180 fecere
860 2132 1074 2200 maxumeque
1096 2127 1261 2192 exercent,
1287 2137 1309 2180 a

98 2287 102 2291 .
188 2212 306 2300 quibus
332 2225 365 2279 et
384 2214 552 2281 Minaeum
573 2215 697 2282 dictum
718 2225 778 2282 est.
805 2214 875 2282 Nec
894 2227 1063 2302 praeterea
1083 2215 1232 2282 Arabum
1252 2214 1309 2281 alii
1323 2224 1356 2270 ⁵4

188 2316 271 2381 turis
297 2315 443 2383 arborem
468 2316 582 2383 vident
607 2340 646 2384 ac
670 2339 713 2383 ne
733 2318 848 2383 horum
870 2317 1000 2401 quidem
1021 2341 1150 2398 omnes,
1183 2317 1308 2385 ferunt-

187 2438 250 2502 que
271 2423 303 2478 ᾗ
323 2440 387 2483 non
411 2418 550 2503 amplius
567 2441 637 2485 esse
650 2419 841 2484 familiarum
855 2439 939 2503 quae
952 2418 1004 2484 ius
1016 2441 1077 2506 per
1091 2417 1308 2485 successiones

187 2516 221 2581 id
249 2540 321 2584 esse
348 2518 410 2584 sibi
436 2518 617 2598 vindicent,
653 2541 761 2585 saeros
786 2518 895 2586 vocari
923 2519 966 2586 ob
991 2519 1028 2584 id
1052 2542 1113 2586 nee
1138 2520 1203 2585 ullo
1229 2541 1307 2585 con-

187 2638 305 2702 gressu
336 2619 528 2684 feminarum
561 2620 785 2705 iuuenumque,
818 2642 892 2687 cum
919 2619 1064 2687 incidant
1092 2642 1148 2687 eas
1175 2620 1307 2686 arbores

186 2727 244 2782 aut
263 2728 398 2797 metant,
419 2721 520 2806 pollui
542 2729 639 2805 atque
659 2721 706 2786 ita
727 2720 913 2808 religionem
934 2722 1050 2789 mercis
1071 2721 1192 2810 augeri.
1221 2717 1307 2800 Qui-

189 2817 264 2883 dam
292 2819 513 2907 promiscuum
542 2832 594 2887 tus
614 2823 655 2887 iis
675 2821 804 2910 populis
826 2845 898 2889 esse
919 2822 1050 2888 tradunt
1069 2823 1104 2888 in
1125 2821 1224 2901 silvis,
1251 2818 1306 2884 alii

185 2943 245 3008 per
265 2921 345 2987 vicis
367 2944 523 2990 annorum
544 2922 656 2990 dividi.

228 3021 281 3087 31.
312 3021 383 3090 Nec
411 3024 535 3091 arboris
562 3024 666 3111 ipsius
692 3048 775 3111 quae
803 3026 846 3092 sit
877 3025 976 3092 facies
1006 3036 1142 3092 constat.
1180 3025 1246 3092 Res
1272 3022 1354 3088 in⁵⁵

185 3121 308 3190 Arabia
334 3126 494 3215 gessimus
521 3136 555 3193 et
574 3125 720 3192 Romana
746 3149 835 3193 arma
859 3127 895 3192 in
915 3149 1066 3215 magnum
1086 3135 1214 3214 partem
1236 3123 1307 3191 eius

219 3331 234 3393 §
249 3340 288 3384 51.
307 3341 386 3398 atque,
397 3329 479 3386 Rea.
501 3343 530 3394 et,
542 3331 615 3400 ἁβγ.
638 3376 671 3387 ..
692 3352 783 3398 marra,
794 3338 827 3387 R.
844 3335 928 3398 mirae,
940 3353 964 3386 a.
981 3332 1089 3401 myrrho,
1101 3328 1171 3396 dfir.
1190 3371 1222 3381 ..
1241 3336 1306 3390 tura,

185 3413 209 3449 r.
222 3401 352 3465 Theophr.
365 3403 425 3452 hist.
437 3405 517 3467 plant.
530 3403 579 3455 IX.
591 3408 616 3464 4,
628 3410 653 3454 2.
665 3412 690 3454 at
701 3404 782 3455 Solin.
795 3410 837 3465 33,
850 3410 873 3454 5.
887 3410 910 3454 6.

219 3464 288 3526 §52
314 3467 459 3529 Atramitae,
470 3486 494 3520 a.
520 3469 675 3533 Astramitue,
687 3472 719 3522 R.
747 3469 866 3532 uomicae,
879 3472 903 3520 d.
930 3511 963 3521 -
991 3466 1153 3534 turiferuall.
1171 3504 1213 3542 ···.
1226 3460 1305 3524 Saba,

186 3533 241 3585 su.
268 3533 372 3598 sarius,
388 3553 405 3587 a
421 3535 548 3602 (plerique
564 3538 623 3588 uss
638 3554 679 3604 ap.
698 3538 805 3589 suma.
822 3553 905 3588 exerc.
921 3555 947 3603 p.
963 3544 1021 3590 aaa.
1036 3539 1063 3589 a.
1078 3532 1126 3598 u.)
1152 3531 1255 3592 santa,
1275 3523 1306 3580 θ.

184 3600 293 3665 Arabia,
313 3605 360 3656 Ild
381 3602 476 3665 (Palat.
496 3602 636 3668 salmasii.)
663 3605 745 3670 Sapo,
766 3601 796 3668 β.
822 3645 855 3655 -
886 3603 1034 3670 appellatur,
1058 3596 1160 3656 OSTd
1193 3640 1225 3650 ..
1255 3597 1307 3660 hoc,

184 3661 340 3723 ROSTad.
368 3670 437 3736 quod,
448 3667 478 3735 β
505 3715 537 3723 ..
563 3681 775 3738 spectatarum.
800 3681 920 3737 spectatae
933 3671 992 3735 thus,
1005 3675 1029 3722 d.
1054 3667 1306 3736 spaataporaqu.

185 3776 218 3787 ..
236 3739 474 3802 rupuar-dextera,
485 3742 518 3792 R.
537 3742 625 3794 Omitt.
639 3741 734 3792 STad.
752 3781 785 3791 -
802 3741 873 3803 mari,
885 3740 994 3792 Salmas.
1006 3741 1060 3792 Rd.
1083 3737 1166 3800 maris,
1178 3730 1255 3796 Tass.
1273 3773 1306 3782 .-

184 3805 320 3869 scopulosae,
331 3824 356 3872 p.
377 3848 406 3857 ..
426 3800 803 3870 inmceaso‚R9Tadr(codd.
816 3804 939 3870 Salmas.)
965 3807 1094 3868 marcesco,
1102 3802 1132 3869 β.
1145 3845 1178 3855 ..
1197 3799 1307 3861 uelim,

184 3872 216 3922 R.
236 3915 268 3922 -
284 3874 385 3936 schoeni,
396 3876 421 3926 R
431 3868 529 3927 oreo
547 3875 705 3938 scloemrum,
716 3873 745 3939 β.

218 3938 233 3999 l
248 3948 286 3992 53.
304 3941 478 4004 Eratosthene,
489 3960 513 3994 v.
525 3945 683 4009 Bernhardy.
695 3945 824 3996 Eratosth.
835 3959 860 4008 p.
873 3950 915 3995 92.
937 3983 969 3993 ..
993 3939 1125 4002 ΧΧΧΠ,
1141 3943 1186 3990 ad.
1208 3932 1307 4015 ml

184 4005 216 4055 R.
243 4046 275 4056 ..
301 4009 352 4071 clii,
363 4027 384 4061 r.
411 4051 443 4060 ..
469 4012 555 4060 arbore
564 4018 647 4076 sponte
658 4019 775 4074 meeum,
786 4012 876 4062 Doleo.
899 4051 931 4062 ..
958 4009 1136 4071 monosculi.
1154 4048 1187 4057 ..
1204 4004 1307 4064 MW»

183 4074 290 4125 Bethar.
307 4076 385 4140 minei,
397 4080 435 4128 d².
453 4077 548 4140 minent,
559 4081 591 4130 R.
609 4078 718 4143 minaret,
730 4081 768 4130 d¹.
785 4120 818 4130 ..
836 4077 939 4140 minime,
950 4093 974 4127 a.
993 4116 1025 4126 ..
1039 4075 1152 4139 pomam,
1163 4075 1195 4125 R.

219 4139 287 4202 §⁵4-
305 4143 472 4209 Feceruatqua
483 4148 516 4197 R.
534 4187 566 4198 ..
584 4145 636 4208 111,
647 4147 680 4209 R,
692 4151 761 4212 quod
773 4162 822 4211 ego
833 4148 861 4197 in
872 4143 1093 4197 termilleuan'um
1103 4153 1238 4199 numerum
1248 4152 1305 4217 ηψ-

185 4210 244 4259 tavi.
262 4209 363 4275 MMM,
374 4215 390 4264 d
395 4208 417 4274 β
421 4228 446 4277 γ.
464 4213 575 4278 quiaque,
587 4231 606 4265 r.
627 4212 697 4278 000,
708 4216 796 4267 Amat.
807 4214 922 4266 Lusitan.
938 4211 971 4265 ad
981 4211 1100 4262 Dioscor.
1116 4217 1137 4272 1,
1152 4212 1191 4260 74.
1215 4207 1304 4258 Omut
