2896 4800
347 288 418 338 cm.
434 287 511 336 v111.
540 285 619 369 cnr.
635 286 871 335 xxva-..xxm
901 284 999 335 sacr.
1015 285 1098 330 0-0.
1221 267 1282 335 101

162 438 279 505 Ruinis
299 437 530 504 inminentibus
552 437 688 503 musculi
713 436 942 523 praemigrant,
970 437 1080 503 aranei
1109 458 1183 502 cum
1211 435 1285 501 telis
1301 455 1349 500 roa

166 541 261 625 primi
282 539 412 606 cadunt.
446 537 596 623 Auguria
617 536 747 620 quidem
768 546 869 602 artem
889 538 994 602 fecere
1015 537 1104 623 apud
1124 537 1286 605 Romanos

166 652 199 706 et
220 641 421 706 sacerdotnm
435 638 618 724 conlegium
633 639 685 704 vel
705 659 856 703 maxume
878 637 1030 703 sollemne
1045 647 1104 704 est.
1126 638 1167 703 In
1180 638 1286 706 Thra·

165 740 216 808 cia
235 741 314 806 locis
336 740 517 828 rigentibus
540 751 573 805 et
593 739 714 825 volpes,
737 738 855 803 animal
876 737 995 823 alioqui
1010 738 1150 803 sollertia
1164 739 1269 805 dirum
1275 764 1285 818 3

164 843 267 908 amnis
300 842 423 929 gelatos
454 840 606 924 lacusque
640 839 768 906 nonnisi
800 839 844 904 ad
876 839 947 904 eius
973 839 1055 903 itum
1082 839 1286 926 reditumque

162 938 348 1019 transeunt3
376 941 583 1006 observatum
609 963 680 1006 eam
706 962 783 1006 aure
811 940 854 1005 ad
880 939 1017 1028 glaciem
1038 939 1188 1026 adposita
1209 962 1285 1007 con·

163 1042 283 1110 iactare
305 1041 552 1107 crassitudinem
572 1043 674 1130 gelus.

204 1141 344 1208 XXIX.
367 1143 420 1207 43.
447 1141 519 1209 Nec
539 1143 646 1208 minus
668 1144 754 1210 clara
776 1143 855 1210 exiti
877 1143 1070 1209 documenta
1092 1151 1169 1208 sunt
1190 1141 1349 1207 etiam1ot

127 1252 130 1256 '
163 1245 198 1308 in
219 1245 460 1309 contemnendis
481 1245 682 1311 animalibus.
704 1245 753 1312 M.
769 1244 876 1312 Varro
891 1255 1067 1312 auctorest
1088 1269 1108 1311 a
1128 1242 1286 1310 cuniculis

165 1345 349 1411 subfossum
368 1344 403 1410 in
424 1344 586 1432 Hispania
614 1346 779 1433 oppidum,
808 1369 828 1412 a
857 1347 953 1433 talpis
979 1347 1014 1412 in
1035 1344 1215 1425 Thessalia,
1243 1343 1285 1410 ab

161 1446 251 1512 ranis
276 1445 436 1511 civitatem
463 1447 499 1511 in
520 1445 627 1513 Gallia
647 1448 784 1535 pulsam,
812 1447 854 1513 ab
875 1446 1009 1514 locustis
1035 1447 1070 1511 in
1091 1445 1215 1523 Africa,
1243 1467 1285 1511 ex

162 1545 274 1631 Gyara
297 1547 478 1632 Cycladum
497 1546 603 1615 insula
623 1548 747 1616 incolas
769 1571 789 1614 a
809 1549 955 1616 muribus
977 1550 1118 1634 fugatos,
1138 1547 1175 1613 in
1190 1546 1285 1611 Italia

160 1648 337 1714 Amunclas
359 1671 379 1713 a
401 1649 605 1735 serpentibus
626 1651 757 1717 deletas.
788 1648 881 1716 Citra
904 1648 1123 1737 Cynamolgos
1145 1646 1282 1714 Aethio-
1347 1690 1355 1703 ,

158 1771 219 1835 pas
239 1749 305 1815 late
325 1751 455 1816 deserta
475 1751 566 1837 regio
588 1762 649 1829 est,
670 1774 691 1816 a
713 1751 935 1837 scorpionibus
957 1760 989 1817 et
1010 1749 1168 1837 solipugis
1185 1758 1283 1836 gente

161 1850 302 1930 sublata,
338 1861 370 1916 et
397 1874 417 1915 a
446 1851 664 1937 scolopendris
696 1851 827 1918 abactos
853 1851 1058 1917 Rhoetiensis
1092 1860 1205 1915 auctor
1233 1858 1284 1915 est

159 1951 411 2036 sseophrastus.
436 1949 505 2018 Sed
525 1953 567 2017 ad
587 1953 711 2037 reliqua
729 1955 870 2019 ferarum
891 1975 1012 2040 genera
1032 1952 1213 2017 redeamus.

199 2051 322 2117 XXX.
347 2055 400 2119 44.
433 2052 581 2138 Hyaenis
612 2064 781 2137 utramque
813 2077 886 2120 esse
917 2065 1065 2119 naturam
1093 2064 1125 2118 et
1151 2051 1282 2117 alternis
1298 2066 1346 2112 105

157 2153 251 2218 annis
271 2155 380 2231 maris,
409 2154 542 2217 alternis
563 2154 700 2218 feminas
720 2155 803 2231 fieri,
830 2161 945 2239 parere
966 2154 1036 2217 sine
1056 2175 1145 2217 mare
1165 2146 1283 2238 volgus

158 2253 270 2330 credit,
292 2254 485 2318 Aristoteles
505 2263 614 2340 negat.
637 2251 766 2317 Collum
784 2262 817 2318 ct
837 2252 915 2317 iuba
936 2252 1147 2319 continuitate
1169 2252 1282 2338 spinae

158 2352 335 2439 porrigitur
354 2352 505 2437 flectique
526 2352 590 2417 nisi
612 2353 807 2418 circumactu
833 2354 932 2419 totius
954 2353 1099 2439 corporis
1120 2375 1185 2418 non
1201 2353 1289 2440 quit.⁴

158 2451 265 2518 Multa
284 2462 452 2538 practerea
472 2453 555 2518 mira
576 2454 745 2518 traduntur
768 2455 827 2520 sed
845 2476 995 2520 maxume
1018 2476 1197 2521 sermonem
1218 2455 1281 2520 hu·

157 2577 288 2621 manum
307 2555 390 2620 inter
410 2564 577 2641 pastorum
600 2555 726 2622 stabula
739 2556 932 2622 adsimulare
951 2578 1130 2640 nomenque
1144 2557 1280 2623 alicuius

105 2748 110 2760 ι
157 2653 291 2735 addisci,
319 2677 415 2743 quem
436 2666 605 2725 evocatum
625 2657 705 2724 foris
726 2658 862 2736 laceret3
889 2658 966 2725 item
993 2657 1200 2726 vomitionem
1220 2659 1342 2724 lto-106
1379 2656 1381 2661 ’

190 2866 205 2928 5
219 2871 275 2916 104.
293 2864 326 2927 ia,
336 2866 374 2916 ita
383 2881 432 2918 nos
443 2867 589 2931 scripsimus
601 2867 719 2918 restituta
730 2882 846 2931 praepos.
858 2881 893 2918 ex
904 2869 996 2919 ultima
1006 2868 1142 2932 proximae
1153 2867 1223 2916 vocis
1236 2865 1279 2916 lit-

157 2938 218 2983 tera
235 2928 332 2996 eassr.
345 2928 638 2995 Omraltorcfflob.)
647 2935 860 2996 vicesimas.
869 2975 902 2984 -
912 2943 935 2983 er
944 2933 1015 2998 apa,
1025 2935 1063 2985 (1¹.
1077 2943 1100 2983 a
1109 2933 1188 2997 salpe,
1198 2937 1235 2985 ur.
1245 2974 1277 2982 -

159 2997 254 3062 Gyara,
262 3000 315 3049 Rd.
326 2998 421 3062 Gyaro,
430 2996 480 3063 βγ.
493 3041 526 3050 ..
538 2998 635 3060 incolas,
646 3002 753 3051 Barbar.
768 2999 903 3066 Amyclaea,
911 3002 965 3052 Rd.
985 3039 1015 3050 ..
1033 3000 1172 3062 Amemus,
1184 3003 1220 3051 ita
1230 3014 1279 3049 nos

156 3066 301 3128 scripsimus
313 3080 347 3115 ex
356 3065 446 3115 Solino
456 3073 480 3126 2,
490 3073 531 3116 32.
547 3066 669 3130 Myoclas,
678 3071 709 3118 R.
726 3065 833 3129 mincius,
842 3071 866 3118 d.
879 3107 912 3117 ..
933 3066 1096 3130 Ginamolqos,
1108 3069 1162 3116 Rd.
1175 3107 1207 3116 ..
1219 3064 1278 3114 sob'-
1287 3072 1299 3087 ⁸

152 3129 234 3193 prepi,
246 3133 301 3182 Τὰ.
313 3129 429 3196 solisaqis,
441 3133 466 3185 B
477 3132 538 3195 (fs
554 3132 631 3195 corr.)
649 3133 690 3182 Ita
701 3141 729 3182 ct
742 3134 801 3184 libri
811 3149 853 3197 ap.
865 3133 972 3184 Salmas.
985 3148 1068 3183 exere.
1079 3149 1106 3197 p.
1120 3138 1159 3184 70.
1171 3134 1196 3182 b.
1208 3133 1241 3182 E.
1253 3139 1279 3182 ct

157 3197 238 3247 Solin.
250 3203 274 3259 4,
286 3205 310 3250 3.
323 3205 347 3250 6.
369 3197 485 3263 εοζοοφο,
500 3201 605 3251 Barbar.
619 3207 644 3249 et
656 3200 771 3251 Oudend.
788 3203 821 3250 cd
837 3202 935 3251 Lucan.
948 3207 972 3261 0,
985 3203 1043 3251 837.
1065 3199 1178 3264 solpoqr's,
1197 3201 1279 3249 altera

154 3265 260 3316 Barbari
273 3268 424 3328 coniectura,
439 3263 468 3330 β.
486 3309 519 3319 ..
536 3266 697 3328 Rboetierrsea
714 3268 794 3318 Hard.
820 3267 957 3331 Otrcieres,
973 3268 1035 3320 ΒΤ.
1052 3261 1239 3335 sslsotrerrberes,
1252 3268 1277 3317 d.

154 3326 310 3397 Eretrienses,
331 3328 360 3384 θ.
391 3335 534 3398 Dotenses,
549 3331 579 3398 β.
605 3336 706 3386 abactas
719 3334 838 3386 Etruriae
853 3352 900 3399 res,
916 3352 937 3388 r.
962 3376 995 3388 ..
1018 3335 1151 3399 redeamus,
1168 3328 1278 3388 Rern.

155 3407 310 3465 censeamus,
321 3421 334 3453 r
346 3401 440 3467 (Βοὴ.)
458 3420 595 3467 remeamus,
607 3400 636 3467 β.

188 3505 204 3565 §
217 3509 274 3552 106.
291 3504 369 3566 anab,
380 3506 426 3556 3².
443 3507 525 3571 arma,
536 3508 604 3557 B¹d.
617 3548 649 3557 -
661 3522 747 3568 mares,
758 3507 806 3558 Rd
817 3504 903 3571 (codd.
913 3505 985 3571 Gal.)
1003 3523 1101 3567 marem,
1110 3508 1184 3556 codd.
1192 3507 1278 3563 Rern,

155 3569 259 3619 Robert.
278 3609 310 3618 ..
319 3570 447 3632 seminam,
459 3576 525 3625 Rob.
544 3615 576 3624 ..
603 3575 673 3637 mori,
684 3576 710 3624 R
721 3573 813 3638 (Bab.)
833 3617 864 3625 -
882 3575 1022 3624 Aristoteles
1034 3577 1065 3624 de
1077 3580 1187 3637 generat.
1200 3571 1277 3618 anim

155 3643 180 3696 a,
193 3641 217 3686 o.
229 3649 254 3698 p.
268 3638 331 3686 707ι
346 3643 370 3685 s.
387 3639 618 3702 cantamine,
634 3649 675 3692 aa.
687 3658 713 3705 p.
731 3641 795 3693 crab
818 3649 858 3692 16.
886 3683 919 3690 -
948 3638 1049 3699 collum,
1070 3632 1176 3689 Bous
1192 3633 1277 3696 (mcc.

154 3702 263 3755 Salmas.
276 3716 358 3752 exerc.
369 3717 396 3765 p.
412 3708 470 3753 238.
485 3707 511 3755 b.
528 3708 571 3768 A,
582 3708 671 3758 Ambr.
683 3707 733 3770 11.)
755 3707 827 3768 collo,
838 3725 851 3757 r
863 3705 965 3769 (Ambr.
977 3707 1008 3767 L,
1019 3702 1099 3766 Rob.)
1118 3743 1149 3751 -
1168 3701 1231 3762 iuba,
1243 3705 1278 3753 dr

153 3767 257 3834 (Ambr.
270 3769 300 3830 1.‚
312 3767 391 3833 Rob.)
408 3768 471 3833 iate,
483 3773 515 3820 P.
538 3772 625 3835 iubam,
640 3767 690 3824 θΤ
702 3773 788 3836 (codd.
801 3774 918 3834 Salmas,
934 3775 1024 3823 Ambr.
1036 3768 1085 3831 Π.)
1112 3809 1140 3817 ..
1163 3768 1277 3819 οοοίἰηιιί.

155 3847 210 3900 tate,
222 3841 259 3888 ita
271 3832 294 3899 β
316 3874 322 3888 .
344 3836 482 3899 eternitate,
493 3838 557 3890 Rdr
568 3836 711 3902 (Ambr.‚1.‚
722 3838 809 3901 Rob.)
825 3840 984 3900 eternitatem,
1000 3831 1049 3889 θΤ
1062 3835 1147 3900 (codd.
1160 3837 1277 3901 salmas,

153 3907 243 3957 Ambr.
259 3852 452 3968 mirtulam
468 3906 509 3957 his
524 3907 607 3956 verbis
623 3913 723 3956 mutant
737 3907 826 3958 Heins.
843 3909 899 3957 adv.
915 3923 941 3971 p.
959 3912 1000 3957 81.
1016 3913 1042 3956 et
1054 3906 1199 3958 Schneider.
1216 3907 1276 3959 hist.

154 3975 266 4039 amphib.
279 3980 303 4036 2,
315 3980 373 4025 369.
392 3974 510 4026 Ceterum
521 3989 545 4024 v.
559 3974 639 4025 Solin.
653 3977 694 4036 27,
706 3980 815 4025 23-26.
834 4015 866 4025 ..
880 3973 975 4040 porrr'qi
985 3973 1124 4039 reiectique,
1136 3975 1226 4026 Ambr.
1239 3976 1275 4026 II.

154 4080 186 4091 ..
204 4041 329 4103 circumeo,
341 4043 373 4091 R.
391 4083 423 4095 „
442 4059 488 4092 aon
499 4041 558 4107 quit,
573 4035 617 4092 Od
628 4039 713 4104 (codd.
727 4043 843 4094 Oudend.
855 4045 888 4094 ad
898 4042 995 4109 Appnl
1008 4045 1154 4107 camundo,
1166 4060 1191 4110 p.
1204 4041 1275 4104 346.)
1338 4092 1341 4097 .

154 4106 448 4175 ηοᾳοίέ,Β(Βοο.)βγ.
475 4152 507 4160 -
533 4109 686 4173 assimulare,
702 4107 831 4175 R(Rob.)
856 4109 1005 4175 assimulari,
1021 4113 1074 4163 Td.
1093 4113 1201 4177 Sumpta
1211 4112 1276 4162 hacc
1328 4106 1331 4111 ’

154 4183 213 4226 sunt
227 4190 261 4226 ex
276 4177 383 4230 Aristot.
400 4179 458 4230 hist.
476 4179 553 4230 anim.
570 4185 598 4242 8,
616 4184 639 4229 6.
651 4194 676 4243 p.
690 4177 755 4228 5941>
771 4185 796 4231 2.
823 4220 854 4232 ..
880 4177 988 4246 addisci,
1003 4172 1117 4233 ΒθΤο.
1143 4178 1276 4242 adducar,

153 4242 219 4294 Rob.
229 4239 279 4307 βγ.
297 4286 329 4296 ..
339 4244 414 4311 soris,
425 4240 645 4313 adsessores,
655 4247 722 4302 Rob.
733 4241 782 4313 βγ.
