2896 4800
213 271 278 335 270
563 290 768 340 urrunnun
791 292 986 343 msroamn

212 439 268 504 fila
295 439 391 505 etiam
422 459 591 518 araneosa,
620 461 824 526 quacumque
851 442 1001 525 incessit,
1033 446 1158 514 alarum
1184 471 1337 520 maxume

212 540 364 628 lanugine
385 539 517 607 obtexit.
553 539 738 607 Nascuntur
760 553 793 609 et
812 543 847 609 in
867 543 941 630 ipso
961 546 1049 635 ligno
1071 549 1230 618 teredines
1252 575 1382 638 quaeess

212 664 301 709 ceras
322 643 496 730 praecipue
518 642 684 730 adpetunt.
720 643 858 710 Infestat
879 656 912 711 et
932 648 1069 715 aviditas
1090 662 1214 736 pastus,
1235 645 1337 724 nimia

209 746 324 813 florum
346 745 491 811 satietate
512 767 612 810 verno
632 767 783 836 maxume
805 756 950 834 tempore
971 751 1043 816 alvo
1066 752 1138 818 cita.
1161 751 1246 822 Olea
1260 760 1335 842 qui·

210 848 285 914 dem
304 871 371 914 non
391 869 470 933 apes
491 857 618 911 tantum
639 847 698 912 sed
718 847 825 912 omnia
842 847 966 914 insecta
980 852 1216 936 exanimantur,
1237 880 1334 943 prae.

210 950 304 1037 cipue
326 949 355 1014 si
375 948 481 1036 capite
501 959 600 1014 uncto
620 948 655 1013 in
684 949 751 1014 sole
772 963 942 1035 ponantur.
978 949 1167 1039 Aliquando
1189 969 1221 1023 et
1241 959 1333 1048 ipsae
1346 985 1377 1034 ⁶7

209 1053 402 1122 contrahunt
432 1049 544 1117 mortis
573 1049 634 1115 sibi
667 1072 796 1129 causas,
829 1073 904 1117 oum
933 1074 1064 1122 sensere
1095 1057 1194 1124 eximi
1224 1063 1332 1144 mella,

207 1152 302 1220 avide
323 1162 484 1230 vorantes,
512 1162 620 1217 cetero
645 1174 841 1238 praeparcae
869 1161 902 1217 et
927 1175 1010 1237 quae
1037 1155 1157 1243 alioqui
1178 1163 1333 1252 prodigas

206 1267 305 1339 atque
326 1253 434 1321 edacis
461 1275 527 1318 non
548 1275 641 1318 secus
662 1276 702 1320 ac
721 1254 833 1340 pigras
854 1264 950 1340 atque
971 1255 1106 1344 ignavas
1127 1264 1331 1345 proturbant.

205 1356 332 1422 Nocent
352 1366 385 1421 et
407 1377 466 1420 sua
485 1355 581 1420 mella
600 1353 692 1439 ipsis,
721 1355 893 1440 inlitaeque
919 1355 961 1422 ab
988 1358 1124 1427 adversa
1149 1375 1238 1450 parte
1258 1389 1331 1432 mo-

205 1459 343 1524 riuntur.
379 1457 443 1522 Tot
464 1455 622 1535 hostibus,
653 1466 701 1521 tot
729 1456 857 1523 casibus
877 1510 920 1522 ..
943 1467 974 1524 et
996 1471 1127 1543 quotam
1148 1465 1331 1551 portionem

206 1582 318 1626 eorum
338 1556 555 1625 conmemorol
570 1611 613 1623 ..
635 1568 702 1623 tam
723 1557 909 1624 munificum
930 1559 1049 1627 animal
1071 1566 1256 1652 expositum
1269 1579 1329 1638 est.

205 1660 362 1726 Remedia
383 1658 527 1725 dicemus
550 1658 617 1724 suis
638 1659 733 1738 locis3
756 1682 843 1725 nuno
865 1659 950 1728 enim
965 1684 1069 1731 sermo
1083 1665 1254 1735 denatura
1268 1682 1329 1739 est.
1351 1662 1354 1667 ¹

246 1761 332 1848 XX.
362 1762 414 1826 22.
445 1758 599 1826 Gaudent
619 1762 737 1848 plausu
764 1771 863 1846 atque
882 1761 1000 1828 tinnitu
1021 1766 1227 1855 amissoque
1247 1793 1327 1838 con-
1341 1797 1375 1845 50

204 1874 371 1944 vocantur,
394 1884 459 1948 quo
479 1863 684 1928 manifestum
703 1873 754 1929 est
775 1863 906 1928 auditus
924 1885 1052 1950 quoque
1066 1869 1172 1937 inesse
1186 1895 1327 1942 sensum.
1423 1920 1428 1926 ›

201 1968 331 2034 Effecto
351 1988 458 2053 opere,
486 1965 601 2030 educto
623 1965 699 2043 fetu,
727 1966 837 2060 fimeto
861 1988 995 2033 munere
1016 1971 1103 2036 omni
1123 1974 1327 2043 exercitatio·

201 2094 275 2138 nem
303 2081 410 2134 tamen
436 2068 622 2134 sollemnem
648 2067 767 2134 habent
793 2067 1015 2153 spatiataeque
1040 2070 1076 2137 in
1102 2083 1211 2160 aperto
1238 2086 1271 2141 et
1291 2078 1327 2143 in

201 2174 302 2239 altum
323 2172 427 2249 datae,
449 2170 540 2257 gyris
561 2170 670 2235 volatu
691 2169 796 2247 editis,
820 2179 888 2234 tum
910 2169 1040 2237 demum
1061 2173 1104 2239 ad
1123 2173 1232 2240 cibum
1244 2177 1324 2242 red-

202 2285 290 2341 eunt.
326 2272 406 2338 Vita
432 2271 479 2338 eis
504 2271 704 2360 longissima,
733 2281 771 2336 ut
797 2292 950 2357 prospere
969 2271 1106 2341 inimica
1132 2297 1172 2341 ac
1190 2275 1327 2344 fortuita
1339 2304 1372 2350 sc

202 2377 329 2454 cedant,
359 2373 501 2461 septenis
523 2374 614 2439 annis
635 2372 796 2439 universa.
833 2373 937 2439 Alvos
964 2395 1141 2460 numquam
1160 2376 1245 2443 ultra
1266 2377 1324 2444 de·

202 2501 272 2544 cem
293 2499 395 2541 annos
416 2475 549 2540 durasse
570 2475 729 2562 proditur.
753 2472 840 2540 Sunt
860 2473 917 2559 qui
938 2486 1093 2557 mortuas,
1117 2473 1152 2543 si
1165 2477 1252 2544 intra
1273 2490 1323 2546 te·

201 2588 289 2644 ctum
310 2576 415 2641 bieme
437 2587 617 2655 serventur,
638 2575 714 2641 dein
736 2575 802 2641 sole
824 2597 923 2640 verno
939 2586 1120 2643 torreantur
1133 2601 1172 2646 ac
1185 2579 1324 2649 ficulneo

200 2680 309 2745 cinere
332 2689 398 2744 toto
420 2676 473 2743 die
494 2678 674 2756 foveantur,
696 2687 812 2763 putent
832 2677 1031 2744 revivescere
1038 2704 1048 2758 ;
1082 2680 1135 2745 23.
1163 2680 1198 2746 in
1219 2692 1323 2749 totum
1337 2707 1369 2756 το

198 2802 278 2847 vero
300 2779 434 2845 amissas
455 2779 599 2866 reparari
619 2778 785 2845 ventribus
806 2777 936 2844 bubulis
956 2780 1141 2847 recentibus
1161 2783 1324 2849 cumfimo

198 2881 332 2964 obrutis,
354 2881 521 2970 Vergilius
534 2881 742 2947 iuvencorum
756 2902 891 2966 corpore
905 2881 1098 2962 exanimato,
1119 2883 1202 2949 sicut
1222 2905 1322 2968 equo·

197 3009 270 3051 rum
292 3006 410 3070 vespas
431 2994 528 3069 atque
549 2983 731 3063 crabrones,
754 2983 836 3049 siout
850 2981 1012 3048 asinorum
1027 2983 1226 3065 scarabaeos,
1245 3007 1321 3051 mu·

223 3124 282 3187 filo,
294 3126 319 3175 R
328 3118 408 3175 θΤᾶ.
418 3123 482 3190 filis,
494 3126 568 3176 codd.
581 3123 638 3176 Get
650 3119 679 3186 β.
697 3164 731 3175 -
748 3121 875 3184 imoeaerit,
886 3122 920 3175 Κ.

231 3192 301 3254 §⁶7-
324 3192 442 3257 alioquin,
458 3188 488 3255 β.
511 3234 543 3244 ..
565 3192 683 3245 Nocentes
697 3208 756 3253 saa,
773 3193 797 3241 d
820 3188 914 3242 Norant
928 3205 982 3253 aaa,
994 3193 1026 3244 R.
1044 3231 1077 3243 ...
1094 3192 1268 3252 nsaw,Pint.
1286 3232 1319 3242 -

197 3267 292 3324 quotam
299 3276 502 3322 -οοκιηιοκκοκο,
519 3268 580 3322 tam,
600 3254 622 3309 θ
626 3262 658 3311 Τ.
684 3267 780 3322 quotam
789 3299 821 3308 ..
831 3265 1046 3322 commaaorotam,
1057 3260 1083 3311 B
1090 3260 1114 3309 (l.
1132 3265 1205 3321 quota
1212 3297 1245 3308 ...
1255 3273 1319 3307 cam·

196 3336 327 3377 memorata
338 3335 394 3389 tam,
406 3324 435 3391 β.
455 3368 486 3378 ..
504 3327 636 3390 mirificam,
648 3328 701 3378 Tu.
720 3364 752 3377 ..
770 3324 871 3375 dicem
883 3332 925 3388 21,
939 3331 979 3379 78.

230 3393 299 3455 §os
321 3395 485 3454 intumet
509 3434 541 3444 ..
563 3386 733 3455 cranous.
752 3388 850 3455 Omss.
869 3383 1251 3457 -sanca,1tors.fanctae‚
1262 3384 1315 3455 βγ.

197 3502 229 3511 ..
249 3462 463 3524 κακκκκ,ΒΤΚᾱ.
481 3456 604 3527 tam‚,d7.
623 3499 655 3512 ..
673 3459 760 3510 labent
771 3459 917 3524 sollemnem,
930 3462 984 3513 Ta
1001 3498 1034 3510 ...
1051 3456 1206 3522 cremata
1224 3497 1258 3508 ...
1282 3456 1318 3507 ad

194 3529 269 3579 cibun
291 3544 343 3580 om.
354 3545 375 3579 r.

228 3567 297 3663 §ab
321 3595 574 3663 Vtaaraffla
592 3636 625 3647 ..
642 3598 736 3658 aaa
754 3637 787 3648 -
811 3588 1045 3658 cantuarae
1066 3590 1209 3658 annus.
1232 3635 1265 3645 ..
1286 3594 1317 3658 s,

195 3681 247 3717 om.
261 3669 285 3717 d.
304 3706 336 3716 ..
354 3673 467 3728 servetur,
479 3666 512 3717 B.
529 3706 561 3716 ..
580 3663 642 3724 dein,
653 3666 686 3717 R.
704 3663 795 3725 demde,
807 3661 878 3730 ᾱβγ.
896 3705 929 3714 ..
946 3663 1002 3726 sols,
1014 3666 1082 3716 But.
1098 3663 1123 3713 si
1131 3662 1187 3724 sole,
1199 3663 1265 3714 Td².
1283 3702 1317 3713 ..

194 3732 492 3799 acflcaumocaanar
503 3736 586 3784 omitt
597 3734 680 3784 ΒΜ
697 3769 745 3784 ...
758 3731 852 3784 audon
865 3729 949 3796 apide,
964 3723 994 3783 8.
1017 3772 1051 3783 ..
1067 3739 1164 3798 ρικωικ,
1176 3732 1202 3781 u
1223 3771 1257 3781 -
1278 3746 1317 3778 re.

194 3802 316 3866 υἰυεκοκνκ,
327 3804 359 3853 Β.
376 3801 522 3862 recusare,
535 3798 586 3865 ᾱβ.

229 3873 297 3934 870.
321 3869 491 3934 Verqiliua,R
508 3871 543 3921 V.
555 3885 643 3934 georg.
656 3876 680 3931 4,
693 3873 751 3920 ast.
769 3906 802 3918 ..
823 3866 1016 3931 scarabaeorum,
1027 3868 1082 3919 ud.
1104 3907 1137 3919 ..
1160 3862 1317 3916 ικαῑκὶὶ-ίκ

186 3936 252 4000 seta,
265 3941 303 3989 d².
321 3939 379 3990 Om.
392 3940 429 3989 d¹.
447 3953 477 3987 aa·
487 3936 705 3990 aliu-canantur
715 3951 768 3986 om.
780 3937 812 3987 R.

229 4002 299 4064 571.
322 4004 411 4066 nuum,
423 4006 454 4057 Τ.
474 4005 627 4057 cetsmmv.
640 4007 748 4057 Arium
760 4004 778 4052 t
790 4003 808 4053 1.
821 4007 845 4065 5,
857 4008 898 4053 aa
912 4008 937 4064 a,
949 4009 990 4054 42.
1012 4042 1046 4053 ..
1067 4001 1143 4053 tntu
1165 3992 1276 4053 Reno.
1294 4007 1319 4050 a

195 4069 270 4131 ata,
279 4068 310 4139 β.
332 4072 447 4133 erata,
457 4087 484 4138 γ.
506 4113 539 4124 ..
557 4072 673 4135 cavana,
685 4074 739 4125 aa
761 4071 786 4120 a
797 4069 913 4132 averna,
923 4065 975 4134 ur.
993 4109 1026 4120 -
1043 4078 1094 4134 aar,
1105 4039 1218 4123 slus.
1236 4084 1274 4130 ac,
1285 4062 1317 4130 β.

196 4177 229 4188 ..
247 4153 310 4199 cera,
321 4139 375 4203 Ry.
393 4155 469 4201 coac,
481 4142 505 4190 d.
523 4155 581 4198 cere,
593 4141 625 4190 Τ.
642 4141 733 4206 Inepta
743 4140 824 4192 nara
840 4145 925 4202 spreta
939 4138 1045 4202 vulgata
1060 4133 1083 4201 β
1098 4140 1222 4204 scriptura
1237 4143 1317 4186 catara

194 4206 291 4270 recepit
308 4220 376 4254 ocra·
392 4207 458 4257 nihil
474 4206 542 4256 enlm
558 4207 668 4258 Aristot.
682 4209 702 4258 l.
718 4210 737 4259 l.
754 4213 778 4269 5,
790 4211 841 4268 28,
852 4207 885 4273 ad
896 4221 973 4271 quem
984 4215 1116 4270 provocat,
1128 4209 1161 4257 ds
1171 4201 1258 4273 κηρῷ,
1270 4205 1316 4256 sed

195 4274 229 4325 da
238 4267 346 4340 κηρίοις
357 4243 444 4336 (ata)
460 4270 543 4337 dicit,
551 4288 615 4338 qaas
630 4275 699 4339 ipsas
710 4270 759 4325 οὐκ
772 4272 804 4326 ἐκ
814 4271 902 4340 κηροῦ
913 4270 1073 4339 συγκεῖσθαι
1084 4275 1130 4328 ait.
1146 4274 1189 4326 Da
1200 4279 1280 4325 catera
1289 4285 1315 4323 r.
