2896 4800
443 256 514 305 am.
529 257 604 304 nv.
633 254 712 303 cnr.
727 256 775 302 ιν.
806 253 905 303 secr.
919 257 938 296 ι.
952 256 972 299 e.
1204 238 1266 303 421

147 410 287 500 nigrum,
308 409 488 487 odoratum,
511 418 668 474 vetustate
688 407 908 496 pinguescere.
936 405 984 470 Et
1003 405 1155 471 Pramnio
1177 407 1267 491 quod

146 511 234 579 idem
254 511 416 577 Homerus
438 508 611 576 celebravit
631 509 729 575 etiam
748 530 834 575 nune
853 507 956 573 honos
983 507 1095 585 durat3
1125 509 1269 575 nascitur

146 612 307 698 Zmyrnae
327 613 459 701 regione
479 611 571 677 iuxta
592 608 762 678 delubrum
782 608 901 676 Matris
927 609 1032 675 deum
1069 608 1109 674 In
1135 610 1313 695 reliquisse

146 714 275 780 claritas
297 714 408 799 generi
428 735 494 779 non
515 712 579 778 fuit
604 712 701 779 alicui
708 736 717 789 ;
744 733 830 777 anno
856 711 917 777 fuit
943 711 1086 778 omnium
1112 733 1268 798 generum

145 815 271 882 bonitas
291 815 333 880 L.
356 813 487 902 Opimio
509 814 652 894 consule,
679 836 753 880 eum
775 811 814 879 Ο.
838 811 1006 881 Gracchus
1029 811 1176 879 tribunus
1197 812 1267 897 ple·

146 917 221 982 bem
248 915 460 983 seditionibus
492 915 621 1004 agitans
652 915 865 1002 interemptus
871 939 881 992 3
914 937 954 980 ea
985 914 1065 982 caeli
1097 912 1268 998 temperies

145 1017 238 1082 fulsit
250 1045 292 1082 ⁴..
307 1027 470 1084 cocturam
488 1027 607 1083 vocant
628 1070 670 1081 -
683 1017 761 1082 eolis
774 1039 872 1103 opere
885 1015 986 1082 natali
999 1016 1090 1082 urbis
1104 1036 1267 1080 nexum.

145 1117 339 1204 Durantque
360 1119 466 1184 adhuc
486 1117 563 1184 vina
583 1119 730 1185 ducentis
751 1118 821 1184 fere
839 1117 945 1197 annis,
972 1117 1037 1184 iam
1064 1118 1101 1183 in
1127 1115 1269 1203 speeiem

144 1221 275 1286 redacta
295 1219 399 1287 mellis
420 1220 543 1305 asperi3
572 1219 690 1285 etenim
711 1219 790 1286 haee
811 1229 928 1285 natura
947 1219 1032 1286 vinis
1053 1220 1087 1285 in
1108 1228 1268 1285 vetustate

144 1333 276 1388 estnec
296 1320 402 1409 potari
424 1343 482 1407 per
503 1343 538 1387 re
560 1331 681 1405 queant
709 1320 738 1386 si
763 1344 828 1386 non
854 1321 1022 1406 pervincat
1042 1343 1137 1406 aqua,
1164 1343 1267 1406 usque

143 1423 178 1486 in
199 1423 446 1489 amaritudinem
467 1422 550 1489 carie
570 1421 737 1487 indomita.
775 1419 843 1487 Sed
864 1422 980 1488 ceteris
1006 1424 1089 1490 vinis
1116 1444 1266 1489 conmen-
1282 1440 1313 1485 sa

81 1588 86 1595 ,
142 1523 258 1590 dandis
279 1523 422 1589 minuma
449 1522 558 1607 aliqua
584 1523 724 1588 mixtura
748 1523 981 1590 medicamenta
1002 1534 1092 1600 sunt3
1121 1545 1200 1608 quc,
1229 1535 1268 1593 ut

143 1623 214 1690 eius
246 1626 399 1712 temperis
431 1624 660 1695 aestumatione
691 1624 725 1689 in
758 1624 902 1712 singulas
934 1626 1103 1713 amphoras
1139 1626 1267 1693 centeni

142 1726 265 1792 nummi
287 1736 479 1805 statuantur,
501 1748 543 1792 ex
563 1725 614 1792 his
635 1736 754 1806 tamen,
776 1749 878 1792 usura
898 1728 1109 1814 multiplicata
1123 1728 1265 1795 semissi-

141 1825 214 1905 bus,
236 1850 319 1913 quae
341 1827 444 1894 civilis
465 1849 505 1893 ae
525 1827 651 1892 modica
672 1837 732 1904 est,
759 1826 795 1892 in
818 1824 882 1893 Gai
905 1825 1055 1894 Caesaris
1078 1827 1267 1895 Germanici

140 1926 187 1991 fili
207 1929 401 2014 principatu,
424 1926 516 1991 annis
537 1947 600 1990 eux
622 1925 765 2014 singulas
786 1928 899 1994 uncias
920 1927 987 1993 vini
1003 1929 1183 1995 constitisse
1203 1950 1263 1993 no-

141 2026 199 2092 bili
228 2027 374 2114 exemplo
400 2027 568 2093 docuimus
596 2027 773 2093 referentes
800 2028 902 2096 vitam
927 2027 1089 2114 Pomponi
1120 2027 1265 2096 Secundi

141 2128 225 2193 vatis
247 2149 432 2212 cenamque·
443 2149 540 2211 quam
560 2127 699 2215 principi
715 2127 761 2193 illi
776 2129 874 2195 dedit.
896 2129 1038 2195 Tantum
1052 2130 1264 2217 pecuniarum
1278 2146 1310 2194 57

141 2229 286 2294 detinent
307 2229 374 2294 vini
396 2227 581 2315 apothecae,
604 2251 666 2296 nee
679 2229 743 2295 alia
755 2252 808 2296 res
822 2230 926 2296 maius
940 2230 1173 2298 incrementum
1188 2253 1262 2297 sen-

141 2330 181 2395 tit
205 2330 248 2394 ad
274 2330 462 2395 vicesimum
489 2352 609 2396 annum
634 2330 781 2397 maiusve
809 2331 850 2398 ab
878 2354 916 2398 eo
945 2332 1168 2419 dispendium,
1197 2356 1263 2401 non

140 2431 326 2518 proficiente
348 2431 468 2518 preti03
497 2454 570 2498 raro
590 2431 711 2519 quippe
732 2432 839 2499 adhuc
859 2432 960 2514 fuere,
982 2457 1043 2501 nee
1063 2434 1126 2501 nisi
1146 2434 1182 2501 in
1202 2458 1261 2502 ne·

139 2543 263 2618 potatu,
287 2532 422 2622 singulis
444 2534 535 2600 testis
556 2534 644 2599 milia
664 2556 839 2600 nummum.
861 2535 1064 2603 Viennenses
1083 2536 1143 2603 soli
1156 2537 1263 2623 picata

139 2655 208 2713 sua,
230 2656 366 2719 quorum
387 2658 509 2724 genera
530 2635 681 2715 diximus,
703 2636 806 2723 pluris
820 2649 1005 2724 permutare
1020 2639 1078 2705 sed
1090 2638 1174 2704 inter
1190 2661 1261 2705 sese

138 2756 246 2802 amore
267 2736 370 2822 patrio
392 2737 582 2815 ereduntur3
611 2738 711 2825 idque
732 2737 844 2806 vinum
864 2739 1016 2830 frigidius
1036 2740 1169 2828 reliquis
1190 2739 1260 2809 exi·

138 2846 295 2903 stumatur
315 2837 350 2902 in
371 2838 489 2928 frigido
509 2849 600 2926 potu.

137 3008 230 3065 retinui
244 3024 293 3074 ego
308 3010 376 3060 bane
391 3013 499 3063 Barbari
513 3013 692 3077 coniecturam,
709 3031 787 3079 quam
802 3018 857 3082 ipss
874 3019 966 3070 dubius
982 3022 1060 3070 modo
1071 3021 1185 3084 protulit.
1200 3037 1258 3083 pro·

137 3072 241 3136 cinctae,
256 3093 298 3127 ac.
315 3069 359 3146 Μ
366 3079 460 3140 anam,
473 3082 497 3130 d,
523 3081 554 3130 In
569 3083 676 3132 Barbari
691 3085 838 3134 coniectura
852 3094 952 3149 praeter
966 3101 1088 3150 magnum
1104 3088 1260 3150 asumptum

137 3143 254 3193 codicum
268 3160 396 3196 recessum
410 3147 475 3197 illud
492 3147 606 3208 offendit,
623 3153 693 3214 quod
707 3152 789 3202 multa
805 3153 865 3202 vina
879 3167 925 3216 per
940 3168 967 3204 sc
985 3155 1067 3218 potari
1078 3170 1132 3204 non
1143 3162 1258 3218 possunt,

136 3210 186 3260 nisi
202 3227 270 3276 aqua
284 3214 475 3277 perducuntur,
495 3218 565 3279 quod
579 3217 646 3267 Plin.
664 3220 741 3268 modo
756 3221 788 3268 de
803 3220 928 3270 Maroneo
945 3229 1089 3272 narraverat
1104 3221 1119 3283 §
1133 3226 1173 3271 5³.
1199 3223 1259 3273 Hoc

136 3277 196 3358 loco
212 3281 297 3344 potius
313 3283 441 3346 singulare
456 3284 553 3348 aliquid
568 3289 820 3337 commemorandum
831 3287 888 3350 fuit,
905 3289 930 3339 id
943 3291 1099 3354 quodetiam
1110 3292 1187 3340 verba
1198 3303 1258 3354 pro-

135 3361 206 3397 xime
221 3351 351 3412 sequeutia
367 3353 472 3414 docent,
493 3367 573 3418 eaque
589 3356 620 3404 de
636 3370 712 3405 eausa
727 3355 863 3419 legendum
877 3356 1020 3420 pervincive,
1044 3358 1100 3421 ubi,
1121 3366 1258 3423 postquam

136 3416 216 3465 semel
237 3416 286 3467 VE
300 3419 328 3468 in
338 3417 391 3467 ΑΕ
405 3427 531 3471 mutatum
548 3430 609 3483 erat,
624 3423 720 3473 librarii
735 3424 800 3474 illud
812 3424 956 3488 peruinciae,
973 3439 1002 3478 ut
1017 3441 1112 3477 nomeu
1127 3435 1195 3477 certe
1210 3426 1257 3476 ali·

135 3482 351 3597 ἓξοῗῃὶθοιοιιᾟιιε
362 3490 501 3551 redderent,
509 3489 648 3554 provinciae
661 3493 821 3556 seripserunt.
839 3491 926 3544 Verba
939 3494 963 3545 si
973 3511 1019 3544 nou
1030 3495 1074 3545 uui
1085 3496 1200 3546 Barbara
1214 3497 1257 3544 de·

167 3563 185 3596 n
214 3564 234 3598 r.

165 3612 185 3693 ,ξ
198 3619 238 3664 56.
256 3632 310 3678 quo,
322 3619 396 3668 codd
407 3619 521 3672 Barbari.
545 3622 615 3685 quod,
627 3627 730 3688 acdrr.
754 3626 846 3688 quofit,
857 3629 962 3678 Barbar.
974 3625 1003 3692 β.
1023 3671 1054 3680 -
1076 3630 1177 3679 centenis
1189 3645 1256 3678 num·

135 3697 180 3730 mu
191 3689 315 3744 acuantur,
327 3701 366 3734 ar.
386 3726 417 3735 -
439 3687 516 3737 civile
528 3705 565 3751 ac,
578 3693 621 3741 ed.
640 3691 716 3741 caulis
727 3709 763 3751 ac,
776 3710 799 3743 a.
818 3735 850 3743 ..
867 3693 945 3754 αηιιίε,
958 3698 1003 3746 cd.
1020 3713 1091 3759 cano,
1103 3715 1120 3747 a
1131 3694 1199 3759 (cod.
1212 3713 1256 3746 rc·

134 3751 229 3802 tustiss.
240 3750 308 3830 bad.
321 3753 352 3801 de
364 3769 455 3832 asscp.
468 3754 539 3818 602.)
550 3772 576 3821 r.
597 3758 704 3819 nummis,
716 3761 784 3810 Pint
802 3760 908 3825 sinque,
919 3763 1023 3814 Barbar.
1043 3805 1074 3815 ..
1097 3764 1153 3825 vini,
1165 3768 1189 3815 d.
1207 3764 1258 3814 viai

134 3831 172 3897 ec,
185 3834 208 3867 a.
230 3833 319 3880 verme,
334 3813 382 3871 Oc.
404 3821 566 3874 mairinaco
578 3824 671 3888 vicentia,
683 3827 716 3876 K.
739 3829 801 3878 Vox
813 3827 863 3877 vini
872 3839 991 3894 corrupta
1002 3832 1066 3882 mibi
1076 3833 1182 3895 videtur,
1199 3841 1257 3884 orta

134 3885 180 3934 rlla
197 3901 230 3936 cx
245 3887 339 3937 iudicio
356 3890 437 3952 pretii,
451 3906 501 3955 quo
513 3891 629 3955 singulae
640 3896 730 3945 unciae
742 3898 901 3960 constabant,
918 3901 987 3962 quod
998 3914 1050 3950 non
1062 3903 1255 3953 commemorari

134 3953 239 4005 mireris.
258 3996 289 4005 ..
309 3955 446 4017 constitisse,
459 3961 503 4008 ad.
521 3959 683 4021 constitutam,
696 3977 716 4012 e.
735 3963 887 4028 comtitutbse,
903 3959 931 4015 θ.

168 4022 236 4084 §5⁷-
254 4021 403 4085 detraentd.
430 4023 572 4088 deiin,ac.
597 4069 628 4078 -
655 4029 716 4091 viai,
729 4046 780 4081 om.
793 4033 818 4082 d.
837 4074 867 4082 „
892 4033 1047 4098 inceperam,
1060 4037 1133 4087 codd.
1146 4037 1202 4089 Gel.
1219 4030 1254 4087 ¹iu

133 4093 323 4164 nepotatar,ed.
349 4092 549 4157 animorum.
571 4137 603 4146 -
638 4096 799 4160 Vieacec,ae.
822 4141 854 4150 ..
878 4109 1025 4165 peecata‚c.
1048 4107 1202 4167 peccand„
1221 4147 1252 4156 -

125 4151 236 4285 praepar
252 4157 266 4220 5
282 4162 376 4278 1εῂ-
398 4170 547 4227 permutare,
566 4159 682 4217 OTacd.
705 4175 866 4234 permutasse,
883 4165 935 4236 βγ.
959 4211 989 4221 ..
1016 4187 1091 4238 more,
1106 4174 1196 4227 Dulce.
1219 4215 1251 4227 -

145 4237 191 4288 nor
208 4237 295 4286 o,om.
