2896 4800
171 271 233 337 100
520 282 724 333 sarcasmo
745 281 942 333 ursromsu

169 438 272 505 laucis
292 458 404 506 earum
425 456 536 522 angor,
559 456 659 519 quare
680 435 924 522 pardalianches
945 434 980 500 id
1000 456 1160 501 venenum
1177 439 1290 524 appel-

168 541 276 607 lavere
298 539 438 623 quidam.
461 537 509 599 At
527 536 597 602 fera
618 547 730 601 contra
750 537 811 602 hoc
833 537 1047 603 excrementis
1068 537 1207 604 hominis
1229 541 1356 606 sibime

168 642 317 706 medetur
338 648 370 703 et
390 637 470 700 alias
492 646 557 701 tam
579 637 675 701 avida
695 658 809 702 eorum
827 648 864 701 ut
885 661 905 702 a
926 637 1111 723 pastoribus
1131 660 1173 705 ex
1193 641 1289 706 indu·

169 742 247 807 stria
273 740 308 803 in
334 738 442 821 aliquo
468 760 546 805 vase
575 759 731 824 suspensa
758 738 856 803 altius
887 759 985 822 quam
1011 749 1048 804 ut
1073 750 1173 823 queat
1207 742 1290 808 saltu

168 843 325 928 attingere
346 838 516 905 iaculando
537 861 573 904 se
594 840 837 926 adpetendoque
852 839 979 906 deficiat
1000 852 1034 906 et
1054 852 1216 927 postremo
1231 865 1289 909 ex·

169 945 284 1032 spiret,
319 941 438 1025 alioqui
464 941 645 1007 vivacitatis
671 942 752 1006 adeo
782 941 889 1006 lentae
913 951 952 1006 ut
982 941 1092 1008 eiectis
1118 945 1291 1011 interaneis

168 1046 224 1111 diu
245 1052 376 1131 pugnet.
412 1042 556 1131 Elephas
579 1042 805 1108 chamaeleone
827 1043 988 1108 concolori
1009 1043 1117 1110 frondi
1139 1046 1289 1111 devorato

167 1145 307 1212 occurrit
332 1146 471 1210 oleastro
496 1144 572 1209 huic
598 1165 722 1233 veneno
749 1166 818 1210 suo.
855 1143 936 1209 Ursi
962 1166 1037 1211 cum
1057 1147 1289 1234 mandragorae
1304 1167 1349 1211 ror

166 1248 288 1314 malum
308 1256 479 1331 gustavere
500 1244 651 1309 formicas
665 1245 819 1310 lambunt.
844 1242 968 1312 Cervos
982 1246 1085 1312 herba
1105 1248 1211 1328 cinare
1231 1271 1288 1316 ve·

166 1346 293 1415 nenatis
307 1346 433 1433 pabulis
448 1345 582 1410 resistit.
603 1345 789 1423 Palumbes,
810 1347 945 1434 graculi,
967 1349 1120 1427 merulae,
1142 1350 1289 1436 perdices

166 1448 250 1513 lauri
270 1448 348 1514 folio
370 1469 511 1513 aunuum
530 1447 697 1512 fastidium
717 1458 871 1532 purgant,
893 1448 1069 1528 columbae,
1096 1459 1237 1517 turtures
1258 1461 1290 1517 et

167 1549 337 1636 gallinacei
359 1548 459 1614 herba
480 1570 563 1632 quae
584 1559 719 1614 vocatur
738 1548 878 1627 helxine,
900 1559 1021 1629 anates,
1048 1571 1179 1615 anseres
1201 1563 1288 1618 cete·
1355 1598 1359 1606 ·

167 1646 288 1734 raeque
310 1650 476 1734 aquaticae
496 1649 597 1716 herba
618 1649 761 1731 siderite,
789 1673 887 1737 grues
916 1661 949 1716 et
970 1649 1091 1716 similes
1111 1651 1207 1717 iunco
1220 1675 1286 1738 pa-

167 1751 272 1816 lustri.
308 1750 431 1817 Oorvos
458 1752 565 1818 occiso
591 1752 815 1819 chamaeleone
843 1752 900 1836 qui
928 1752 1026 1818 etiarn
1052 1751 1167 1819 victori
1193 1762 1288 1820 nocet

166 1852 260 1918 lauro
279 1852 434 1918 infectum
454 1853 543 1919 virus
565 1853 752 1942 exstinguit
924 1865 929 1871 '

209 1952 380 2020 XXVIII.
406 1953 460 2017 42.
489 1953 583 2019 Milia
603 1965 781 2040 praeterea,
807 1965 920 2042 utpote
945 1979 1019 2022 cum
1040 1957 1199 2043 plurumis
1218 1958 1352 2024 ani-102

168 2055 306 2121 malibus
328 2053 442 2121 eadem
463 2064 579 2119 natura
599 2078 707 2121 rerum
729 2056 809 2122 caeli
830 2077 958 2140 quoque
979 2059 1236 2124 observationem
1257 2068 1289 2123 et

168 2166 345 2234 ventorum,
372 2155 532 2234 imbrium,
567 2166 793 2242 tempestatum
822 2159 992 2244 praesagia
1017 2159 1081 2225 alia
1105 2161 1166 2225 alio
1191 2159 1288 2224 modo

168 2259 303 2336 dederit,
339 2256 428 2340 quod
454 2258 605 2341 persequi
632 2259 814 2323 inmensum
835 2258 891 2323 'est
917 2281 1019 2343 aeque
1045 2262 1166 2327 scilicet
1192 2284 1288 2347 quam

167 2361 325 2444 reliquam
346 2380 420 2423 cum
445 2358 581 2445 singulis
601 2358 766 2423 hominum
786 2359 971 2424 societatem
977 2386 987 2438 3
1011 2361 1170 2446 siquidem
1184 2375 1217 2430 et
1229 2386 1288 2451 pc·

168 2461 270 2526 ricula
290 2468 501 2544 praemonent
521 2479 586 2522 non
605 2458 696 2522 fibris
715 2458 812 2523 modo
833 2459 991 2546 extisque,
1014 2463 1099 2527 circa
1120 2464 1206 2547 quod
1219 2486 1288 2528 ma-

169 2582 235 2647 gna
255 2559 436 2624 mortalium
458 2558 565 2643 portio
586 2557 708 2638 haeret,
731 2558 789 2625 sed
810 2559 874 2628 alia
892 2563 1034 2645 quadam
1048 2563 1287 2652 significatione.

203 2770 219 2833 §
233 2776 292 2820 100.
309 2767 360 2831 ὴοο,
371 2768 455 2820 ΒΤᾱ.
478 2768 544 2832 haee,
554 2766 585 2833 β.
602 2771 663 2821 Vid.
675 2771 783 2824 Aristot.
795 2774 813 2824 l.
825 2772 842 2823 l.
855 2788 880 2837 p.
894 2777 962 2825 ⁶12⁸
975 2775 998 2824 7.
1010 2779 1037 2822 et
1048 2771 1130 2824 Solia.
1144 2776 1183 2835 17,
1197 2779 1237 2824 lo.
1254 2813 1287 2822 -

168 2834 223 2898 sibi,
234 2836 301 2887 Rob.
318 2835 373 2899 citu,
384 2838 430 2888 Βῐ.
447 2835 517 2899 alva,
528 2838 573 2888 13².
590 2837 653 2901 stat
665 2842 689 2890 d.
706 2879 738 2893 ..
756 2840 791 2903 ia,
803 2842 870 2891 Βοὴ.
888 2855 926 2901 ea,
939 2841 963 2890 d.
980 2846 1010 2899 et,
1021 2841 1053 2891 Β
1066 2880 1099 2889 -
1132 2849 1210 2902 ueant,
1221 2841 1287 2891 Rob.

169 2942 203 2953 —
220 2900 304 2961 *teliu-⁹,
317 2905 341 2954 d.
361 2942 392 2952 -
415 2904 553 2969 οοπίὑιρονε,
564 2907 631 2957 Βοὴ.
650 2947 682 2958 ..
699 2906 883 2973 appetendoque,
898 2908 946 2957 Rd
963 2905 1049 2970 (codd.
1067 2856 1136 2968 GelS
1158 2922 1288 2970 eaqueap·

165 2967 276 3034 petmda
287 2970 337 3021 Kr.
356 2987 385 3019 ea
396 2972 581 3037 appetendoque,
592 2975 658 3026 Rob.
676 3016 708 3026 ..
727 2975 830 3040 deficiat,
842 2975 917 3025 codd.
930 2974 990 3026 Gel.
1009 2973 1127 3036 deficiunt,
1138 2974 1191 3024 Re
1208 2971 1287 3037 defipt',

168 3038 235 3088 Βοὴ.
248 3035 385 3103 defatipma
391 3047 468 3104 postr.
481 3042 521 3090 vel
530 3040 649 3107 defigatur
655 3051 741 3108 pcata,
752 3046 858 3096 Barbar.
869 3083 901 3091 -
913 3050 943 3105 et,
951 3043 976 3093 Β
985 3040 1078 3105 (Βοὴ.)
1090 3049 1122 3104 ut,
1131 3045 1155 3093 d.
1165 3082 1197 3092 ..
1209 3039 1287 3105 exepi-

168 3113 213 3168 ret,
224 3106 257 3156 R.
275 3106 401 3171 aspirent,
413 3110 437 3157 d.
455 3109 585 3172 exspirare,
596 3111 663 3161 Βοὴ.
675 3152 708 3161 -
725 3110 827 3176 aliquia,
839 3111 906 3161 Rob.
925 3150 957 3160 ...
975 3107 1035 3158 adeo
1046 3107 1130 3171 hetae,
1141 3111 1210 3160 Βοὴ.
1227 3106 1288 3157 adeo

169 3170 250 3236 katar,
262 3176 294 3225 R.
312 3172 446 3237 adclmtur,
457 3178 481 3226 d.
494 3216 527 3227 -
545 3176 593 3238 diu,
604 3171 702 3230 ΒθΤὰ
713 3175 805 3241 (Βοὴ.)
824 3173 923 3240 Onnss.
937 3217 969 3228 ..
986 3174 1167 3238 chamaeleonte,
1179 3173 1208 3238 β.
1225 3177 1287 3227 Vid.

168 3239 251 3293 Solia.
263 3247 305 3302 25,
319 3247 360 3292 ιο.
378 3282 411 3292 ..
421 3241 518 3306 frondi,
530 3246 555 3294 e.
564 3244 664 3308 fram,
676 3248 748 3297 Rrr
759 3242 852 3308 (Rob.)

203 3306 219 3367 ξ
233 3314 289 3358 101.
307 3306 403 3370 malua,
415 3310 497 3361 BTd.
520 3311 595 3375 mala,
605 3314 673 3364 Βοὴ.
683 3308 735 3379 βγ,
756 3314 816 3364 Via.
828 3311 910 3362 Selin-
923 3314 965 3370 26,
976 3315 1001 3359 8.
1019 3348 1052 3359 ..
1069 3307 1157 3368 cinare
1167 3323 1192 3357 r.
1205 3308 1287 3358 Solin.

170 3377 212 3436 19,
225 3380 265 3425 16.
284 3415 317 3426 ..
333 3375 434 3440 graculi
447 3380 471 3428 d.
491 3379 597 3443 praeuia,
609 3381 676 3431 Rob.
692 3377 793 3442 prepuli,
804 3379 836 3429 Β.
855 3416 887 3425 ...
909 3373 1014 3424 ramulae
1025 3372 1117 3434 lauris.
1130 3373 1217 3436 aau.s.
1225 3389 1287 3435 pur-

167 3448 236 3505 pant,
249 3440 366 3506 padua,
383 3443 510 3508 columbae,
525 3449 615 3499 Darae.
632 3446 692 3495 0011.
710 3450 751 3506 aa,
767 3451 808 3494 ro.
826 3482 858 3494 ..
878 3449 987 3501 tartara,
1003 3442 1040 3491 ita
1055 3436 1106 3505 βγ.
1131 3440 1191 3503 aaa,
1207 3432 1286 3491 Boc.

168 3509 227 3559 Hac
237 3525 272 3560 ex
282 3512 406 3575 scriptura
415 3512 524 3565 fortasse
535 3522 559 3563 et
569 3512 615 3562 cuis
625 3513 685 3562 elici
695 3518 787 3574 potest.
805 3550 838 3560 ..
861 3507 956 3570 helciae,
967 3508 1022 3560 Βᾱ.
1044 3549 1076 3558 -
1097 3523 1191 3572 praua,
1203 3509 1235 3557 Β.
1254 3548 1287 3559 .-

168 3574 237 3626 s'uaco
246 3577 358 3642 palustri,
369 3581 436 3631 Βοὴ.
459 3579 540 3641 lustro,
556 3579 588 3630 Β
611 3586 635 3626 et
651 3576 731 3638 lustra
748 3579 772 3627 d.
791 3617 824 3627 ..
841 3574 1012 3639 chamaeleone,
1028 3569 1152 3629 moror.
1178 3576 1288 3627 chamae-

169 3641 251 3704 eaa,
262 3640 292 3707 β.
311 3687 343 3696 -
361 3647 445 3696 auare
453 3664 504 3709 aas,
515 3647 584 3698 aaa.
602 3684 635 3713 ‚
653 3643 732 3706 aare,
747 3637 777 3694 θ.
795 3683 827 3694 -
844 3644 961 3708 afaaa,
973 3646 1041 3696 aaa.

202 3714 294 3836 §dedda
305 3713 357 3763 alia
368 3713 417 3764 alia
428 3713 504 3777 moda,
513 3708 542 3763 θ.
560 3710 613 3761 alia
623 3710 670 3761 alt'a
681 3709 757 3775 modo,
765 3713 797 3763 Β.
815 3711 867 3762 alia
878 3712 935 3763 aliis
945 3711 1021 3777 modo,
1030 3716 1083 3766 Td.
1100 3712 1156 3763 altis
1167 3711 1227 3774 alia,
1235 3707 1287 3774 βγ.

205 3846 220 3907 5
235 3817 301 3895 loa,
309 3855 467 3913 praeceperat,
478 3847 545 3899 B¹d.
564 3854 719 3912 procurant,
730 3848 775 3899 R2.
794 3888 826 3899 ..
848 3857 924 3898 anem
932 3848 1149 3914 patcuhhfecem
1158 3841 1226 3907 apud
1235 3842 1286 3891 Ito-

171 3925 254 3958 maaos
269 3912 425 3976 sacerdotum,
437 3933 456 3966 r.
476 3955 506 3966 -
525 3913 557 3964 Ia
576 3914 692 3976 Thracia,
707 3916 758 3966 vid.
773 3917 905 3967 Plutarch.
922 3918 982 3967 soll.
997 3916 1074 3964 anim.
1090 3927 1115 3975 p.
1132 3917 1190 3961 968.
1205 3911 1235 3959 F.
1257 3907 1288 3956 Ia

175 3975 302 4038 struae,
319 3981 387 4031 Pina
409 3980 507 4044 uara,
525 3974 648 4033 sorar.
669 3984 1093 4044 Vid.sa1mas.exerc.p.a1e.a
1106 3978 1140 4028 a.
1168 3976 1288 4026 ceterum

171 4050 227 4093 tota
242 4045 268 4092 in
285 4047 335 4094 hae
352 4049 497 4097 narratione
513 4046 609 4110 magna
628 4066 644 4098 a
678 4058 733 4101 aret
747 4050 869 4101 orationis
884 4049 1000 4108 duritiem
1021 4045 1088 4094 nihil
1103 4045 1195 4093 certius
1228 4059 1288 4093 uam

169 4112 296 4161 nonnulla
312 4115 442 4163 excidisse.
465 4153 494 4163 ..
522 4113 629 4162 collecta
663 4116 732 4176 irum,
749 4112 858 4166 ΒθΤᾱ.
884 4112 975 4161 sollerti
988 4109 1080 4172 audiar,
1094 4113 1162 4162 Piut.
1177 4058 1236 4173 ΚΞ.
1255 4152 1287 4161 .-

170 4175 245 4298 laeulq,
258 4180 281 4228 d.
301 4219 332 4230 ..
356 4179 406 4229 eius
422 4181 478 4230 itum
495 4178 647 4245 reditumque,
663 4176 809 4235 ROS'I'dr.
827 4186 914 4244 partia
927 4179 1005 4228 iturae
1019 4177 1191 4244 rediaraeqae,
1207 4176 1236 4242 β.
1255 4219 1287 4229 ..

169 4259 207 4307 ea,
245 4281 250 4295 .
1009 4276 1013 4281 -
