2896 4800
196 243 257 308 368
548 259 753 307 nurnauurs
774 259 969 309 nrsrouun

195 412 283 496 quod
311 410 459 495 equidem
485 410 656 490 inveniam,
690 413 805 478 castris
826 411 920 477 Darii
947 411 1035 500 regis
1062 413 1257 500 expugnatis
1283 414 1319 479 in

195 514 319 598 reliquo
354 513 424 578 eius
460 511 619 596 adparatu
652 512 842 579 Alexander
873 513 960 600 cepit
987 513 1139 578 scrinium
1166 537 1317 602 unguen-

194 624 313 693 torum3
336 624 449 700 postea
470 613 620 700 voluptas
641 615 711 680 eius
732 638 752 679 a
766 616 884 680 nostris
899 636 1027 699 quoque
1040 614 1126 680 inter
1139 615 1319 681 lautissima

133 756 137 763 -
195 726 293 800 atque
321 716 418 780 etiam
445 714 670 780 honestissima
691 715 778 780 ritae
804 714 891 780 bona
910 715 1051 780 admissa
1073 726 1123 781 est
1150 716 1318 801 honosque

194 827 227 884 et
262 816 304 882 ad
332 816 499 881 defunctos
526 817 687 901 pertinere
713 816 829 902 coepit,
862 827 1059 903 quapropter
1091 817 1185 903 plura
1212 818 1253 885 de
1279 843 1318 886 eo

194 918 349 985 dicemus.
379 915 473 999 Quae
495 940 536 982 ex
557 917 608 982 his
628 940 693 982 non
720 927 814 982 erunt
840 916 991 982 fruticum
1018 917 1235 1004 adpraesens
1256 943 1317 986 no-

193 1017 334 1085 minibus
363 1031 488 1084 tantum
516 1018 756 1098 indicabuntur,
784 1028 898 1084 natura
922 1041 1000 1085 vero
1023 1042 1132 1086 eorum
1154 1022 1221 1086 suis
1241 1023 1316 1088 red-

196 1121 290 1188 detur
311 1121 400 1186 locis.

237 1225 267 1288 2.
301 1221 489 1310 Unguentis
517 1222 707 1310 cognomina
734 1222 852 1288 dedere
878 1222 949 1288 aliis
975 1223 1109 1308 patriae,
1138 1224 1209 1290 aliis
1237 1225 1347 1304 sucis

194 1323 265 1391 aliis
286 1324 428 1403 arbores,
451 1323 522 1388 aliis
544 1346 671 1400 musae,
693 1324 898 1410 primumque
918 1324 953 1389 id
975 1325 1055 1390 scire
1074 1327 1223 1392 convenit
1241 1350 1315 1392 mu-

140 1495 146 1503 ,
195 1437 295 1492 tutam
315 1427 539 1491 auctoritatem
560 1435 592 1490 et
614 1425 744 1510 saepius
766 1427 919 1492 transisse
940 1427 1084 1513 gloriam.
1112 1426 1315 1494 Laudatissi-

195 1550 283 1592 mum
302 1525 364 1590 fuit
384 1525 560 1610 antiquitus
581 1525 616 1590 in
636 1525 721 1591 Delo
741 1527 858 1605 insula,
879 1538 991 1613 postea
1010 1527 1233 1609 Mendesium,
1255 1553 1317 1596 nec

194 1628 335 1692 mixtura
357 1637 389 1692 et
410 1625 641 1713 compositione
663 1637 788 1693 tantum
808 1628 869 1694 hoc
890 1628 1018 1709 accidit,
1049 1629 1107 1695 sed
1126 1629 1225 1697 iidem
1247 1631 1317 1696 suoi

195 1728 284 1794 varie
305 1725 380 1792 alibi
401 1738 499 1813 atque
520 1727 596 1794 alibi
617 1730 827 1814 praevaluere
847 1740 904 1795 aut
925 1730 1171 1819 degeneravere.
1192 1730 1346 1796 Irinums

197 1828 344 1897 Corinthi
373 1831 430 1895 diu
455 1853 606 1897 maxume
632 1831 764 1917 placuit,
797 1841 911 1917 postea
939 1829 1064 1918 Cyzici,
1096 1831 1190 1898 simili
1219 1833 1317 1900 modo

196 1930 367 1999 rhodinum
387 1933 529 2012 Phaseli,
552 1955 649 2018 quarn
671 1934 806 2022 gloriam
828 1933 988 2000 abstulere
1002 1934 1165 2022 Neapolis,
1190 1931 1315 2022 Capua,

195 2033 384 2101 Praeneste.
409 2032 584 2102 Crocinum
604 2036 639 2100 in
661 2031 747 2101 Solis
763 2033 898 2102 Ciliciae
920 2036 976 2100 diu
989 2059 1141 2103 maxume
1154 2037 1317 2103 laudatum

196 2148 256 2217 est,
278 2160 354 2203 mox
375 2136 493 2217 Rhodi,
516 2138 744 2203 oenanthinum
764 2139 799 2203 in
822 2135 945 2223 Cypro,
969 2137 1086 2204 deiude
1107 2139 1143 2204 in
1163 2137 1317 2226 Aegypto

194 2240 425 2327 praepositum,
454 2249 529 2326 post
554 2237 779 2325 Adramytteo,
808 2239 1026 2304 amaracinum
1045 2239 1080 2303 in
1096 2237 1181 2317 0003
1202 2249 1318 2326 postea

194 2342 307 2408 eodem
342 2342 413 2407 loco
443 2342 624 2426 praelatum
659 2351 710 2407 est
736 2339 899 2419 melinum,
932 2340 1110 2427 cyprinum¹
1128 2341 1164 2406 in
1192 2339 1316 2427 Cypro,

195 2444 312 2510 deinde
333 2443 368 2507 in
388 2437 554 2528 Aegypto,
577 2441 634 2508 ubi
653 2441 859 2508 Mendesium
881 2451 914 2508 et
933 2443 1109 2530 metopium
1123 2441 1317 2532 subitogra-

196 2547 261 2611 tius
282 2545 483 2609 factumest.
506 2543 589 2609 Mox
609 2543 689 2610 haec
710 2542 842 2609 abstulit
859 2543 1022 2610 Phoenice
1044 2553 1077 2610 et
1099 2543 1225 2630 cyprini
1244 2542 1344 2608 lau-6

196 2646 269 2712 dem
291 2645 445 2732 Aegypto
466 2644 605 2729 reliquit.
639 2644 898 2712 Panathenaioon
920 2668 1014 2710 suum
1035 2645 1186 2712 Athenae
1205 2666 1316 2731 perse-

196 2755 344 2812 veranter
376 2743 553 2831 optinuere.
591 2744 713 2811 Fuerat
744 2755 777 2811 et
808 2744 988 2832 pardalium
1016 2745 1050 2810 in
1076 2745 1189 2824 Tarso,
1222 2744 1316 2811 cuius

196 2847 292 2914 etiam
329 2846 514 2932 compositio
552 2857 584 2937 et
614 2847 756 2913 mixtura
787 2846 968 2913 oblitterata
1000 2856 1064 2923 est3
1102 2845 1316 2913 narcissinum

196 2969 322 3035 quoque
345 2971 385 3014 ex
405 2947 483 3014 flore
504 2947 647 3015 narcisso
668 2948 765 3014 desiit
787 2949 945 3035 componi.
977 2947 1073 3014 Ratio
1093 2948 1231 3016 faciendi
1252 2947 1344 3012 du-7

230 3091 281 3154 ὅθ.
298 3088 386 3152 Darei,
402 3082 464 3140 eat.
482 3089 871 3154 TranscripsithaecSolin.46,
886 3096 907 3140 1.
926 3130 959 3140 ..
977 3087 1117 3152 murima,
1127 3090 1160 3140 13.
1177 3086 1316 3138 laudatissi-

195 3170 244 3219 ma,
256 3152 348 3221 adssr.
368 3199 399 3206 -
418 3155 489 3206 honos
500 3173 597 3221 qaoque,
610 3159 642 3209 Τ.
663 3198 690 3206 -
716 3165 745 3218 et,
756 3158 877 3208 RTadr.
895 3156 916 3206 ir
932 3165 963 3219 et,
974 3152 1003 3219 β.
1022 3199 1054 3208 ..
1078 3156 1186 3218 diaeum
1199 3170 1316 3220 quamque

197 3223 218 3273 a·
224 3232 343 3274 noverant.
355 3225 471 3286 Fratioes,
480 3226 513 3276 K.
527 3265 558 3274 ..
571 3224 737 3274 iudicabuntur
747 3232 843 3287 tautam,
854 3227 878 3275 d.
891 3266 923 3274 -
937 3225 1089 3287 saturnali.
1103 3265 1134 3274 -
1147 3222 1211 3285 heis,
1221 3238 1272 3272 om.
1282 3223 1315 3272 R.

232 3295 283 3357 §⁴-
301 3300 415 3341 mutotam
431 3292 602 3353 anamarteton,
618 3292 664 3343 Rd
682 3290 768 3354 (codd.
785 3289 857 3353 Gal.)
880 3299 971 3341 mutatu
982 3293 1131 3352 auctoritate,
1147 3283 1212 3340 Gar.
1238 3287 1316 3337 multo

198 3361 346 3420 momina
357 3360 390 3409 K.
408 3367 499 3408 anatem
510 3359 681 3422 oucwmtatem,
693 3361 725 3410 Τ.
741 3401 773 3410 ..
792 3367 816 3408 et
825 3360 929 3424 saepius,
945 3351 987 3411 Od
999 3359 1085 3421 (codd.
1097 3354 1167 3419 Gal.)
1185 3364 1208 3404 et
1217 3355 1315 3418 saepias

198 3434 222 3476 et
231 3425 335 3489 saepias,
346 3427 378 3475 R.
396 3434 419 3474 et
426 3427 501 3489 psius,
514 3443 537 3476 a.
555 3424 673 3490 adpotus,
684 3444 705 3477 r.
724 3454 758 3477 „-
775 3427 883 3489 traxisse,
896 3428 928 3477 R.
950 3429 1018 3478 Plin.
1029 3442 1063 3478 ex
1073 3425 1184 3487 vestigiis
1196 3423 1315 3472 ecdicum

198 3494 263 3544 mihi
275 3494 403 3557 scripsisse
414 3495 513 3544 videtur
524 3500 547 3542 et
557 3495 651 3557 saepius
662 3493 698 3543 ud
704 3494 773 3558 peius
786 3495 887 3544 aarum
900 3493 1011 3557 pluriam,
1027 3509 1077 3558 quo
1090 3492 1250 3556 potissimum
1260 3505 1316 3540 vox

199 3559 369 3625 depeneravere
381 3559 446 3611 infra
458 3562 540 3625 posita
552 3563 628 3612 ducit.
647 3603 679 3612 -
696 3559 869 3624 Mendeneiaus,
881 3562 913 3611 R.
927 3603 959 3611 -
976 3562 1063 3623 unciae,
1073 3561 1106 3610 R.
1123 3601 1155 3611 -
1174 3557 1234 3608 olibi
1243 3566 1316 3622 atque

198 3627 264 3692 aaut
280 3629 316 3679 ita
331 3628 476 3693 scripsimus
492 3637 591 3680 servata
605 3631 699 3694 partim
710 3632 834 3694 scriptura
848 3631 953 3692 vulgata
968 3625 998 3692 β,
1018 3631 1111 3694 partim
1125 3628 1222 3678 reiectis
1238 3628 1316 3676 inter-

198 3697 372 3763 polationibus
384 3697 445 3747 hinc
460 3697 534 3749 natis.
556 3695 618 3746 alibi
631 3695 710 3760 adque
726 3696 791 3760 alchi,
807 3698 839 3747 R.
862 3695 923 3746 olibi
936 3705 1007 3760 atqua
1022 3695 1084 3746 alibi
1098 3693 1134 3745 ad
1147 3693 1270 3758 quadan,
1284 3688 1315 3753 β.

198 3762 270 3814 aliive
281 3763 316 3814 od
326 3763 449 3828 qaoelahet,
460 3765 512 3816 Td.
531 3763 591 3814 olibi
601 3772 629 3813 ot
638 3764 762 3829 quaelihet,
774 3781 797 3815 a.
815 3763 876 3814 olibi
885 3763 921 3814 ud
930 3762 1053 3828 quoelthet,
1065 3778 1107 3828 ry.
1123 3763 1166 3814 De
1177 3764 1232 3827 ipsa
1243 3764 1314 3812 loeu-

198 3833 266 3884 tione
277 3848 301 3883 v.
313 3834 346 3882 ad
357 3839 398 3895 ³4,
412 3837 469 3884 144.

233 3903 248 3964 §
261 3906 284 3951 5.
306 3900 409 3965 Bryant,
420 3902 453 3951 K.
479 3899 607 3965 Bryiuum,
618 3901 708 3951 Dulce.
732 3900 902 3964 Transcripsit
912 3899 977 3950 haec
988 3900 1055 3950 Plin.
1067 3914 1101 3950 ex
1111 3895 1245 3963 Apollonii
1257 3891 1316 3958 (qui

198 3966 227 4016 in
236 3968 320 4017 indice
330 3967 406 4018 huius
414 3968 472 4018 libri
483 3969 550 4018 male
558 3967 735 4032 Apollodorus
748 3966 851 4031 dicitnr)
863 3969 927 4018 libro
941 3969 972 4017 de
983 3968 1104 4017 odoribus
1116 3981 1157 4030 ap.
1166 3966 1262 4015 Athen.
1273 3967 1314 4013 15.

199 4047 224 4098 p.
237 4038 294 4084 688.
312 4074 344 4084 ..
365 4032 474 4085 &mathi
483 4033 532 4097 dia,
544 4036 598 4086 Bd.
623 4032 731 4086 Corinthi
740 4035 812 4097 dium,
824 4052 847 4085 a.
877 4032 1056 4095 Codatdidium,
1072 4026 1102 4083 θ.
1131 4029 1283 4090 mum,
1294 4046 1315 4080 r.

199 4138 232 4150 ..
244 4109 286 4161 ert,
297 4100 412 4153 RTadr.
432 4103 520 4154 Omitt.
531 4098 582 4166 βγ.
596 4143 628 4153 ..
640 4100 724 4152 deinde
734 4102 759 4152 iu
770 4103 880 4168 Aepypto
887 4101 1062 4166 momontum,
1072 4103 1137 4152 haec
1147 4101 1225 4150 verba
1233 4099 1315 4149 omitt.

197 4167 322 4232 RTadr,
333 4169 417 4233 priora
427 4177 496 4221 carte
507 4170 555 4221 tria
565 4172 642 4222 verba
656 4163 728 4231 osa
743 4170 792 4221 nisi
803 4183 874 4221 error
884 4177 923 4221 aa
932 4169 1092 4233 Daleaampii
1102 4176 1260 4233 postremam
1270 4165 1315 4216 ada

197 4241 287 4287 notare
299 4242 393 4288 tamaro
404 4238 563 4302 negligentis.
581 4237 818 4288 viduantur.
834 4241 1042 4301 167.p.290...
1057 4243 1121 4300 post,
1132 4237 1164 4288 R.
1180 4232 1315 4298 portland
