2896 4800
133 234 199 299 41⁰
487 246 695 296 utrumme
713 245 911 296 mercamur

135 399 339 469 eontinentur
364 399 471 466 anima
497 399 568 467 ollis
594 397 748 466 fictilibus
769 409 801 466 et
821 400 956 485 insuper
982 397 1077 465 doliis
1101 398 1260 479 inclusae,

135 502 273 587 stipatae
293 501 434 568 vinaceis
455 500 777 568 circumaudantibus.
798 501 882 566 Aliis
897 500 1034 587 gratiam
1048 500 1152 586 quiet
1172 500 1261 566 vinis

135 604 244 670 firmm
265 603 372 669 adfert
392 602 532 679 iabrilis;
553 624 637 688 quae
657 603 692 669 in
713 625 753 670 ea
772 602 874 690 gloria
893 601 1072 688 praecipua
1090 603 1125 668 in
1146 601 1258 668 ioma-

136 706 231 774 cibus
257 703 408 783 Africae,
435 703 547 769 Tiberi
576 701 727 771 Caesaris
755 703 928 770 auctoritas
956 704 1052 784 iecit3
1080 713 1155 770 ante
1183 725 1260 770 eum

135 807 279 875 Raeticis
300 805 389 894 prior
409 828 522 873 mensa
542 817 611 873 erat
639 817 672 873 et
691 806 765 873 uvis
786 805 1020 872 veronensium
1041 828 1132 892 agro.
1168 803 1260 887 Quin
1274 821 1306 870 ιτ

135 920 170 976 et
191 933 211 976 a
230 907 387 998 patientia
407 930 525 975 nomen
545 908 646 974 acinis
667 908 762 974 datur
781 907 896 994 passis.
921 904 1114 974 Conduntur
1134 917 1168 972 et
1184 930 1259 974 mu-

136 1022 187 1079 sto
213 1034 297 1078 uvae
326 1010 482 1097 ipsaeque
508 1009 583 1076 vino
611 1033 670 1076 suo
694 1010 912 1090 inebriantur3
944 1009 1029 1075 alias
1059 1009 1191 1076 decocto
1223 1009 1260 1075 in

136 1122 243 1180 musto
264 1111 464 1193 dulcescunt,
492 1113 574 1179 aliae
600 1135 677 1178 vero
706 1111 850 1178 subolem
871 1133 988 1179 novam
1008 1110 1043 1176 in
1063 1110 1135 1198 ipsa
1155 1119 1260 1178 matre

137 1223 325 1302 exspectant
346 1214 521 1282 tralucidae
540 1215 635 1294 vitro,
655 1214 811 1300 additque
832 1213 932 1282 acinis
950 1212 1085 1279 eandem
1106 1234 1204 1299 quam
1223 1212 1260 1279 in

137 1315 232 1383 doliis
254 1316 457 1403 amphorisve
476 1318 673 1407 ¹duratricem
692 1317 781 1382 illam
794 1315 978 1381 firmitatem
990 1312 1163 1382 austeritas
1175 1312 1260 1400 picis

101 1490 104 1497 ,
136 1417 245 1485 infusa
264 1419 424 1505 pediculo.
451 1418 523 1484 Iam
542 1418 674 1484 inventa
694 1418 768 1486 vitis
789 1440 848 1506 per
869 1440 904 1485 se
923 1417 958 1482 in
979 1417 1058 1484 vino.
1076 1415 1184 1502 picem
1202 1431 1305 1480 re·1⁸

137 1520 270 1607 sipiens,
291 1519 509 1587 Viennensem
531 1542 645 1608 agrum
665 1520 848 1599 nobilitans,
870 1517 1021 1584 Arverno
1043 1516 1259 1602 Sequanoque

137 1633 171 1689 et
195 1622 334 1690 Helvico
360 1621 533 1709 generibus
560 1644 626 1686 non
650 1621 775 1708 pridem
807 1620 978 1687 inlustrata
1008 1631 1110 1705 atque*
1132 1618 1260 1705 Vergili

138 1723 223 1791 vatis
244 1733 350 1792 aetate
370 1723 547 1812 incognita,
570 1746 590 1788 a
611 1723 703 1790 cuius
722 1721 814 1790 obitu
833 1745 879 1788 xo
898 1731 1040 1813 aguntur
1060 1720 1146 1788 anni.
1169 1718 1305 1802 Quidue

138 1827 227 1912 quod
250 1827 373 1892 inserta
398 1825 511 1892 castris
540 1847 698 1891 summam
723 1847 832 1891 rerum
863 1825 1086 1911 inperiumque
1117 1821 1261 1890 continet

139 1928 361 1994 centurionum
380 1927 415 1992 in
435 1950 534 1992 mauu
554 1926 629 1992 vitis
651 1937 684 1992 et
705 1928 812 2014 opimo
832 1926 975 2014 praemio
997 1925 1106 1992 tardos
1131 1924 1260 1990 ordines

139 2029 182 2096 ad
206 2030 309 2097 lentas
335 2028 484 2117 perducit
512 2029 637 2114 aquilas
664 2038 761 2113 atque
787 2028 885 2094 etiam
911 2028 946 2093 in
973 2027 1096 2095 delictis
1123 2048 1261 2114 paenam

138 2132 244 2220 ipsam
270 2131 424 2198 honorat?
451 2128 523 2196 Nec
548 2152 612 2196 non
634 2130 747 2197 vineae
768 2130 1047 2218 oppugnationum
1068 2129 1186 2196 dedere
1206 2151 1260 2193 ra·

140 2232 278 2311 tionem3
300 2256 376 2298 nam
397 2231 432 2297 in
451 2231 716 2299 medicaminibus
731 2232 813 2299 adeo
826 2250 982 2321 magnum
995 2230 1143 2319 optinent
1154 2231 1263 2297 locum

139 2344 178 2400 ut
197 2358 257 2422 per
278 2357 349 2401 sese
369 2335 445 2400 vino
467 2333 539 2422 ipso
559 2334 704 2401 remedia
724 2333 798 2400 sint

182 2433 229 2502 Π.
250 2435 282 2500 4.
306 2432 437 2501 Genera
457 2436 572 2502 vitium
592 2457 727 2502 numero
749 2434 965 2523 conprehendi
982 2454 1078 2522 posse
1091 2455 1180 2500 unua
1191 2430 1262 2498 exi·
1275 2447 1310 2494 20

142 2535 296 2600 stumavit
309 2533 529 2616 Democritus,
552 2547 667 2603 cuncta
688 2535 750 2602 sibi
766 2533 924 2603 Graeciae
938 2534 1068 2626 cognita
1081 2535 1245 2621 professus
1250 2555 1261 2610 3

142 2634 241 2701 ceteri
261 2635 429 2718 innumera
449 2647 547 2722 atque
567 2637 692 2702 infinita
714 2660 785 2705 esse
801 2637 1023 2724 prodiderunt
1046 2636 1134 2723 quod
1154 2633 1263 2701 verius

141 2735 311 2828 adparebit
324 2760 365 2802 ex
377 2737 473 2804 vinis.
494 2736 565 2806 Neo
576 2737 686 2804 omnia
699 2738 856 2819 dicentur,
871 2739 930 2806 sed
942 2761 1092 2806 maxume
1105 2733 1261 2824 insignia3

176 2939 259 3003 doliis,
275 2943 319 2993 ad.
345 2940 416 2993 dolia
427 2942 559 3009 fictilibus,
579 2937 627 2993 Oc.
649 2942 735 3010 soliti,
754 2947 829 2996 codd
844 2946 958 2998 Barbari.
984 2985 1018 2996 ..
1044 2944 1117 3006 vina,
1133 2943 1179 2994 ad.
1205 2938 1264 3002 υἱοί,

141 3009 233 3063 Ambr.
245 3009 267 3060 Ι.
279 3009 315 3061 II.
338 3009 425 3071 ebriae,
436 3027 458 3062 c.
476 3053 509 3064 ..
524 3009 626 3078 stabiles,
639 3026 660 3063 c.
678 3051 711 3064 ..
732 3028 795 3076 quoe
811 3012 837 3062 tn
848 3029 878 3062 eo
887 3012 968 3078 ploria
975 3012 1115 3078 proactpan,
1130 3003 1159 3060 Θ.
1182 3023 1228 3073 qua
1238 3006 1264 3057 ia

142 3095 172 3130 ea
181 3076 263 3144 gloria
271 3079 411 3145 praecipuo,
422 3082 484 3132 aed.
504 3096 552 3145 que
565 3079 592 3130 io
607 3079 641 3130 eia
650 3079 730 3144 plotae
737 3079 880 3144 praecipuo,
891 3083 965 3131 codd.
977 3083 1054 3132 Rana
1075 3079 1152 3143 iisqtae
1160 3074 1265 3143 plenium

139 3147 303 3212 praecavente,
314 3149 418 3199 Barbar.
429 3142 481 3214 βγ.
500 3189 531 3199 -
549 3148 609 3210 aaa,
621 3149 725 3200 Barbar.
742 3146 805 3210 olla,
818 3149 911 3200 Tacd.
933 3147 1011 3199 Tullia
1021 3149 1063 3199 vel
1074 3145 1163 3208 abula,
1175 3145 1265 3205 Horu„

143 3231 252 3280 quorum
261 3217 387 3282 posterius
398 3219 490 3281 probat
498 3217 590 3269 Cellar.
603 3231 689 3280 geogr.
701 3223 753 3266 ant.
768 3223 790 3278 l,
803 3223 861 3267 424.
878 3214 968 3266 dolam
978 3216 1010 3277 io,
1022 3217 1115 3279 Unger.
1127 3212 1265 3275 deValgio

142 3283 213 3335 Rufo
224 3299 251 3348 p.
263 3289 321 3334 290.
338 3284 431 3335 Latere
442 3299 502 3335 sane
512 3286 612 3335 videtur
623 3298 718 3333 nomeu
729 3285 824 3346 gentile
834 3299 899 3334 uvae
911 3284 1041 3335 cuiusdam
1051 3282 1125 3341 uobis
1136 3281 1266 3343 ignotum.

144 3391 177 3405 ...
201 3350 384 3411 Veronienar'am,
397 3366 437 3401 ac.
455 3368 526 3416 querc
538 3350 654 3411 matiam,
665 3351 720 3400 Tu
739 3391 771 3400 ...
788 3350 851 3416 apri,
862 3352 952 3402 Dalec.

178 3414 587 3482 §17.a,Td.0mittacss...
609 3424 742 3479 musicae.
760 3459 793 3468 ..
815 3417 915 3481 decocto,
929 3412 976 3470 Oc
994 3407 1210 3476 aacaeadssr.
1229 3449 1264 3462 .-

144 3501 214 3547 novo,
227 3500 269 3535 ac.
287 3525 320 3534 ..
342 3483 490 3548 maomotre,
503 3488 546 3535 cd.
567 3492 643 3532 tratre
653 3484 715 3548 ipso,
727 3480 797 3551 assr.
819 3527 852 3536 ..
875 3485 1070 3547 colummae.
1094 3476 1267 3543 banalucidoe,

145 3548 218 3621 ᾱβγ.
241 3550 497 3671 trpnslacidofflalec.
519 3593 552 3603 ..
574 3550 745 3617 adsitquaao.
767 3593 801 3604 ..
823 3550 920 3604 eandem
937 3570 1016 3619 qaam,
1028 3569 1051 3604 a.
1074 3547 1170 3601 tandem
1184 3563 1267 3612 quam,

177 3623 201 3672 d.
220 3629 261 3670 too
279 3636 312 3669 em
346 3636 358 3669 c
380 3637 401 3671 o.
1208 3655 1216 3662 .

144 3624 194 3752 Κξ
208 3697 248 3742 18.
266 3637 404 3754 υἰίὼῗυαέᾱ.
427 3690 516 3742 Omitt
527 3704 569 3755 rr.
592 3729 624 3740 ..
645 3687 758 3752 resipiens
781 3689 908 3741 Viennensi
922 3706 989 3756 apro.
1001 3686 1133 3741 'Nobilitas
1149 3683 1268 3746 Arverna

144 3758 180 3809 K.
197 3800 230 3809 -
248 3759 346 3821 abuma,
357 3760 435 3809 a¹cd.
454 3759 560 3819 taburno,
571 3759 607 3808 a2.
626 3797 659 3807 ..
677 3755 820 3820 Soranoque,
833 3760 896 3809 aad.
914 3799 946 3808 -
964 3756 1070 3818 Εἱῐίποο,
1082 3756 1148 3806 aed.
1166 3793 1199 3803 ..
1211 3749 1268 3816 pri-

146 3824 198 3881 dem
214 3825 363 3889 banc‚acd.
387 3867 419 3876 ,.
446 3825 639 3888 illustratam,d.
663 3865 695 3874 ..
721 3829 878 3887 atque‚acd.
901 3824 981 3889 Atque
995 3819 1129 3889 baec‚ss7.
1150 3862 1182 3872 -
1216 3814 1268 3881 VO,

146 3894 219 3944 codd.
231 3895 306 3946 Rezn.
324 3895 362 3945 At
372 3910 395 3944 v.
407 3895 494 3944 Petav.
508 3896 540 3944 ds
551 3897 629 3944 doctr.
640 3900 692 3943 tem
712 3928 718 3942 .
729 3894 764 3943 11.
776 3908 802 3956 p.
815 3898 872 3944 274.

181 3960 196 4021 §
210 3967 249 4011 19.
271 3961 326 4023 Qui,
338 3978 361 4011 a.
380 4002 413 4011 ..
434 3961 532 4022 incerto,
547 3953 675 4011 OTacdr
690 3907 778 4022 lbodd.
794 3959 887 4023 Turn.)
909 3961 1020 4021 sbaertae,
1031 3955 1083 4024 βγ.
1106 3998 1138 4010 ..
1160 3953 1269 4016 ωηίίηιε,

147 4027 197 4077 Tr.
208 4028 343 4090 eontmeat,
359 4021 441 4080 Oacd
453 4025 539 4092 (codd.
552 4025 653 4091 Tum),
668 4028 705 4078 ita
718 4035 748 4077 ut
761 4029 840 4092 vulgo
851 4024 896 4093 βγ
907 4036 967 4092 post
978 4029 1004 4077 h.
1016 4043 1040 4076 v.
1052 4028 1128 4090 plene
1139 4026 1270 4088 interpun-

148 4101 223 4157 gatur
239 4103 264 4146 et
279 4112 295 4145 a
309 4111 373 4146 voca
388 4094 551 4147 Oenwrbaam
565 4112 632 4148 nora
647 4096 765 4162 periodus
780 4097 892 4161 incipiat.
915 4096 954 4146 At
968 4095 1054 4158 priora
1068 4097 1145 4144 uerba
1161 4105 1270 4142 cumae-

150 4162 286 4225 quentibua
293 4172 362 4216 arcte
370 4179 427 4217 esse
434 4165 612 4228 coniungenda
622 4170 649 4214 et
659 4164 813 4228 singularem
821 4178 955 4215 numerum
966 4170 994 4212 et
1002 4163 1031 4212 in
1038 4162 1171 4228 participio
1179 4159 1272 4209 imam

150 4235 177 4282 et
187 4227 215 4281 in
225 4230 303 4282 verbo
314 4231 416 4284 astat
425 4247 481 4287 esse
490 4231 684 4299 praeterendum
694 4233 769 4284 docet
778 4233 873 4299 copula
882 4237 912 4295 et,
924 4243 990 4296 quae
1000 4230 1141 4295 invulgata
1148 4228 1272 4294 scriptura
