2896 4800
331 342 334 347 ¹
370 274 453 332 '1:113.
466 286 542 331 vni.
573 283 651 331 car.
666 284 797 332 x..xn.
830 283 1034 331 ancum-12.
1223 270 1262 331 79

188 436 268 502 XII.
304 438 354 502 12.
383 435 473 501 Mira
494 434 678 501 animalium
699 456 758 520 pro
781 456 815 500 se
843 435 959 518 cuique
981 438 1119 503 sollertia
1140 450 1199 519 est,
1228 449 1264 506 ut
1277 457 1309 501 aa

144 538 194 604 his
227 561 293 603 una
321 537 497 604 scandendi
526 536 563 600 in
596 545 685 599 tanta
713 535 881 602 altitudine
916 535 1091 602 difficultas
1116 539 1263 618 draconi3

145 640 253 722 itaque
275 639 387 703 tritum
407 638 468 702 iter
489 637 532 701 ad
551 637 671 723 pabula
693 637 876 721 speculatus
895 636 939 700 ab
961 637 1088 703 excelsa
1103 660 1137 703 se
1151 640 1263 705 arbore

144 740 244 805 inicit.
281 737 353 804 Scit
372 739 427 804 ille
448 739 593 823 inparem
614 736 676 802 sibi
696 736 854 803 luctatum
875 747 986 803 contra
1010 759 1128 813 nexum
1155 739 1264 823 itaque
1300 756 1303 763 “

144 820 294 905 arborum
314 849 372 906 aut
391 839 522 925 rupium
544 838 690 903 attritum
711 837 844 921 quaerit.
879 835 1005 903 Carent
1025 836 1088 902 hoc
1109 837 1263 906 dracones

144 943 185 1008 ob
206 941 304 1024 idque
326 963 457 1026 gressus
479 940 620 1024 primum
640 938 784 1025 adligant
807 937 917 1002 cauda
939 937 1115 1003 Resolvont
1135 940 1181 1006 illi
1201 964 1262 1007 no-

145 1043 203 1108 dos
229 1065 341 1118 manu3
375 1052 408 1106 at
435 1040 470 1106 hi
497 1040 532 1105 in
560 1040 648 1125 ipsas
674 1040 761 1104 naris
788 1048 887 1123 caput
913 1038 1055 1103 condunt
1080 1041 1264 1126 pariterque

145 1144 293 1228 spiritum
315 1142 530 1228 praecludunt
551 1151 584 1206 et
609 1138 811 1207 mollissimas
837 1139 1000 1205 lancinant
1024 1141 1136 1226 pertis,
1166 1143 1266 1210 iidem

145 1244 232 1309 obvii
253 1245 444 1330 deprehensi
464 1245 499 1309 in
519 1243 672 1309 adversos
698 1243 827 1330 erigrmt
855 1264 889 1308 se
917 1239 1090 1325 oculosque
1115 1265 1264 1310 maxume

145 1354 274 1428 petunt3
297 1345 344 1410 ita
363 1345 400 1409 fit
421 1354 458 1408 ut
478 1345 667 1431 plerumque
689 1345 775 1409 caeci
797 1366 836 1408 ac
856 1344 940 1408 lame
962 1351 994 1409 et
1014 1345 1167 1410 maeroris
1188 1345 1264 1411 tabe

145 1446 280 1511 confecti
294 1447 510 1532 reperiantur..
526 1443 634 1527 Quam
650 1445 722 1529 quis
745 1447 840 1512 aliam
861 1455 968 1511 tantae
991 1445 1171 1512 discordiae
1186 1469 1263 1512 cau·
1276 1464 1309 1508 as

145 1568 214 1610 sam
234 1548 374 1612 attulerit
395 1547 458 1612 nisi
479 1558 627 1612 naturam
648 1547 867 1632 spectaculum
888 1547 950 1612 sibi
964 1547 1055 1632 paria
1068 1568 1268 1632 componen-

145 1648 231 1712 tem?
266 1647 327 1712 Est
350 1658 382 1712 et
403 1647 466 1713 alia
487 1647 702 1713 dimicationis
722 1647 819 1711 huius
845 1648 940 1725 fama,
971 1647 1149 1732 elephantis
1170 1649 1263 1738 frigi-

144 1747 323 1812 dissimum·
336 1771 407 1814 esse
435 1749 641 1836 sanguinem,
672 1748 713 1813 ob
744 1748 779 1811 id
806 1759 898 1813 aestu
925 1757 1065 1814 torrente
1091 1751 1264 1837 praecipue

144 1847 335 1913 draconibus
368 1850 496 1934 expeti3
533 1849 742 1933 quamobrem
768 1849 803 1912 in
834 1848 938 1912 amnis
969 1869 1093 1914 mersos
1118 1851 1264 1915 insidiari

143 1945 327 2014 bibentibus
349 1960 573 2033 coartatosque
595 1950 729 2034 inligata
749 1970 847 2013 manu
868 1949 903 2012 in
924 1971 1035 2014 aurem
1049 1970 1191 2016 morsum
1205 1951 1262 2017 de·

143 2047 254 2134 figere,
281 2050 432 2133 quoniam
449 2050 489 2114 is
519 2061 644 2115 tantum
671 2050 762 2115 locus
789 2048 918 2114 defendi
938 2072 1004 2113 non
1025 2051 1128 2136 possit
1148 2074 1262 2127 manu3

144 2147 299 2215 &mones
324 2172 396 2215 esse
426 2160 532 2215 tantos
559 2161 595 2214 ut
621 2160 725 2213 totum
753 2149 942 2234 sanguinem
973 2149 1118 2232 capiant,
1153 2150 1264 2231 itaque

144 2300 205 2345 quae
215 2284 323 2333 sollertm
334 2294 376 2348 est,
385 2287 410 2335 in
422 2284 471 2347 (ita
482 2301 531 2336 uos
542 2302 589 2350 pro
602 2285 640 2348 at)
652 2285 689 2334 tis
699 2300 792 2333 summu
804 2281 852 2346 (ita
862 2285 915 2334 nos'
921 2299 967 2348 pro
979 2281 1040 2347 unu)
1053 2282 1183 2333 lauradi
1193 2281 1264 2347 (cum

144 2349 282 2415 sarnaio)
294 2352 320 2400 in
332 2361 402 2401 mata
409 2351 534 2402 altitudine
546 2352 676 2414 difficultas
687 2351 801 2415 draconi5
811 2352 892 2416 itaque
902 2354 948 2403 rel.
959 2353 1124 2403 Advertenda
1134 2352 1161 2402 iu
1172 2354 1212 2403 his
1225 2360 1265 2403 est

144 2419 272 2480 oppositio
288 2420 354 2470 inter
368 2421 510 2471 sollertiam
528 2421 643 2470 draconis
660 2427 686 2469 et
697 2420 826 2484 elephanti
838 2435 884 2484 per
899 2427 981 2470 totam
993 2421 1060 2470 hanc
1076 2422 1263 2485 paragraphum
1283 2430 1294 2439 ·

144 2486 267 2548 exposita.
285 2487 357 2537 Dicit.
368 2489 446 2551 igitur
456 2488 535 2538 Plin.:
547 2503 580 2538 ex
592 2487 727 2551 praecipue
738 2487 803 2537 mim
816 2484 860 2548 (de
871 2488 990 2539 adverbio
1002 2503 1049 2538 suo
1058 2488 1180 2538 adieetivo
1193 2496 1262 2552 post-

143 2553 260 2616 positor.
273 2557 295 2616 t,
305 2561 346 2606 sa.
364 2563 406 2618 ao,
418 2560 459 2607 ar.
478 2563 518 2616 aa,
531 2562 572 2607 aa.
590 2561 684 2618 34,1a.
703 2560 744 2616 as,
758 2560 814 2606 rao.
832 2562 873 2617 ac,
886 2561 927 2605 se.
940 2560 980 2617 or.
998 2559 1040 2618 ar,
1050 2554 1102 2618 cs.)
1114 2557 1263 2607 nummum

143 2620 258 2681 sollertia
273 2622 300 2671 in
317 2624 358 2673 his
374 2621 420 2686 (sc.
434 2625 544 2674 dracone
556 2632 581 2674 et
592 2620 742 2688 elephanto)
755 2624 840 2684 draco,
852 2623 893 2672 oui
904 2639 1005 2673 summa
1015 2621 1064 2684 (ita
1097 2639 1126 2673 ro
1138 2639 1187 2671 unu
1202 2623 1262 2674 scri·

143 2686 267 2753 bendum3
291 2698 361 2741 ortus
377 2699 462 2741 autem
474 2700 511 2742 est
523 2707 591 2742 error
603 2707 636 2742 ex
647 2693 771 2754 scriptura
782 2688 909 2752 hbumma)
922 2690 1059 2740 difficultas
1071 2640 1109 2741 eit
1124 2692 1263 2742 lacessendi

143 2754 169 2803 iu
186 2764 258 2807 tanta
273 2760 402 2822 elephanti
419 2760 560 2821 altitudine,
581 2761 657 2811 huius
673 2760 721 2808 iter
736 2759 886 2822 speculatur,
904 2759 1056 2821 elephantus
1071 2772 1131 2808 vero
1148 2759 1262 2808 attritum

143 2826 249 2885 quaerit.
269 2825 344 2876 Alias
357 2827 486 2890 utriusque
498 2828 588 2877 beluae
600 2828 726 2876 sollertiae
737 2827 828 2877 deinde
838 2832 959 2877 recenset
980 2827 1111 2890 Apposuit
1121 2841 1182 2876 vero
1193 2826 1263 2877 Pliu.

142 2904 176 2939 ex
191 2906 239 2941 usu
255 2894 373 2943 omnibus
389 2895 552 2957 scriptoribus
568 2895 734 2944 usitatissimo
750 2907 806 2942 eam
819 2892 1026 2953 enuntiationem,
1043 2908 1109 2956 quae
1120 2894 1192 2943 alteri
1203 2895 1262 2945 sub·

143 2960 257 3007 ornanda
272 2967 327 3009 erat
343 2957 565 3023 (una-dracone),
581 2969 712 3024 tamquam
727 2960 787 3009 huic
802 2975 902 3023 parem
922 2975 946 3007 v.
958 2960 1070 3022 Madvig.
1087 2962 1223 3011 emendatt.
1235 2961 1263 3011 iu

144 3022 226 3073 Cicer.
241 3026 322 3088 Legg.
341 3034 367 3075 et
376 3026 458 3076 Acad.
470 3042 496 3089 p.
509 3034 627 3088 24-53,
639 3028 710 3090 epist
725 3027 779 3076 crit.
798 3028 831 3075 ad
849 3026 928 3076 Orell.
944 3041 969 3089 p.
984 3033 1040 3076 lat.
1053 3034 1158 3089 etquos
1173 3029 1264 3076 laudat

142 3091 277 3140 Matthiae.
294 3093 327 3141 ad
343 3091 396 3142 Cic.
413 3092 432 3141 l.
447 3095 538 3143 Manil.
556 3100 578 3143 1.
595 3093 609 3152 §
627 3100 650 3142 2.
674 3093 793 3144 Ceterum
809 3107 833 3141 v.
849 3092 932 3143 Solin.
949 3098 989 3153 211,
1009 3099 1048 3146 11.
1065 3132 1098 3141 ...
1118 3092 1205 3153 tritum,
1216 3095 1262 3142 Rd

143 3154 230 3218 (codd.
243 3156 352 3209 Salmas.
364 3173 447 3208 exerc.
458 3175 484 3222 p.
498 3166 554 3210 218.
568 3176 590 3209 a.
601 3157 649 3221 A.)
667 3166 762 3221 catum,
775 3159 807 3208 Τ.
825 3166 851 3207 ut
860 3158 947 3220 adum,
957 3159 993 3210 Sr
1002 3156 1094 3222 (Βοὴ.)
1113 3159 1201 3210 Omitt.
1210 3155 1261 3225 βγ.

143 3230 169 3271 ut
180 3222 284 3287 itantem,
295 3225 362 3276 Pint.
380 3266 414 3277 ..
432 3225 572 3290 speculariter,
585 3229 609 3277 d.
619 3224 774 3290 -speculutur,
786 3226 824 3276 Βι
836 3222 928 3288 (Βοὴ.)
949 3224 1106 3290 speculantur,
1117 3228 1163 3278 1³².
1180 3243 1262 3291 specu·

143 3289 211 3353 letur,
222 3309 243 3342 r.
262 3334 294 3342 ..
313 3291 401 3342 excelse
412 3295 505 3357 arbore,
518 3296 549 3344 Β.
568 3335 600 3345 ..
618 3293 706 3343 laetari
715 3301 805 3343 conum
817 3291 909 3356 Nereus,
921 3310 940 3343 r.
962 3309 988 3342 se
1000 3292 1117 3344 lactaria.
1129 3311 1161 3356 ra,
1172 3295 1262 3349 Dalec.

143 3399 175 3407 ..
192 3367 237 3408 aut
251 3359 344 3424 rupium
360 3369 405 3411 aut
420 3362 512 3424 eritum,
527 3362 566 3412 Rr
582 3370 626 3411 aut
635 3362 728 3426 rupium
740 3369 784 3410 aut
794 3360 902 3423 oriturum,
915 3363 939 3410 d.
967 3370 1010 3410 aut
1020 3378 1072 3426 rap.
1084 3370 1129 3411 aut
1138 3363 1261 3427 orr'prturma

143 3429 215 3478 codd.
228 3428 344 3490 Salmas,
360 3430 404 3492 qui
420 3431 528 3479 arborem
544 3438 588 3478 aut
601 3446 681 3495 rupem
698 3429 815 3493 adfrictui
827 3429 897 3492 legit.
920 3429 1057 3481 codicibus
1068 3433 1149 3494 magis
1161 3446 1261 3481 accom-

142 3496 275 3543 modatum
287 3503 325 3544 est
335 3495 464 3558 adfrr‘etum
476 3499 569 3560 legera
588 3537 620 3546 ..
637 3497 791 3560 speonnam,
803 3489 999 3558 aliusmodi.
1011 3498 1087 3548 Voss.
1100 3507 1125 3547 et
1136 3499 1207 3547 Laid.
1220 3513 1261 3558 ap.

144 3557 260 3674 ᾳοᾱοηέἑ
276 3561 422 3687 οξίΕἪιιΙ.
437 3571 496 3612 met.
514 3579 539 3626 p.
557 3567 605 3624 ta,
622 3563 702 3626 Βοὴ.)
723 3564 778 3628 ipsa
789 3579 855 3624 aare,
866 3558 896 3624 β.
915 3603 947 3614 ,.
960 3562 1112 3627 procludunt,
1124 3564 1155 3611 Β.
1174 3603 1206 3611 -
1225 3561 1261 3610 lu·

142 3632 218 3684 urunt,
263 3641 276 3674 r
326 3641 340 3673 o
360 3661 365 3673 .

178 3689 192 3750 ξ
205 3696 246 3741 34.
264 3690 323 3753 ulra,
335 3693 367 3741 Β.
382 3731 410 3738 -
424 3701 544 3754 neaeram,
553 3696 578 3744 R
590 3694 670 3758 (Lips.
684 3698 785 3747 Satura.
798 3705 822 3758 2,
837 3703 876 3746 19.
887 3712 912 3761 p.
927 3704 984 3748 966.
997 3713 1011 3747 ο
1022 3696 1100 3746 veteri
1111 3694 1198 3758 libro)
1217 3712 1260 3745 nu·

144 3767 207 3821 tura,
228 3751 319 3810 Osdr.
342 3766 451 3817 naturae,
468 3755 497 3819 β.
521 3799 553 3808 ..
575 3761 657 3823 paria,
673 3765 718 3812 Rd
735 3761 821 3823 (codd.
838 3765 927 3812 Leidd.
943 3780 983 3826 ap.
1001 3764 1117 3814 Oudend.
1138 3765 1171 3814 ad
1191 3763 1260 3815 Suet.

142 3827 221 3891 Vesp.
233 3825 270 3889 8.)
288 3843 318 3875 aa
326 3826 410 3890 paria,
426 3819 489 3877 osr
500 3823 584 3884 (vetus
596 3828 658 3877 liber
668 3827 761 3891 Lipsii)
772 3843 798 3892 γ.
811 3867 843 3877 -
855 3838 1033 3891 componentem,
1045 3822 1151 3882 ΒθΤᾱ.
1169 3848 1261 3897 compo-

142 3894 214 3959 nenti,
225 3889 255 3956 β.
273 3910 416 3958 componens,
428 3910 448 3943 r.
461 3933 493 3943 -
506 3891 655 3952 draconibus,
664 3895 696 3944 Β.
714 3911 732 3942 a
742 3892 891 3954 draconibus,
901 3892 972 3960 ᾶβγ.
985 3938 1016 3946 -
1029 3897 1112 3958 amab,
1121 3899 1153 3949 R.
1171 3916 1260 3964 amnes,

143 3963 207 4012 Βοὴ.
219 3956 248 4023 β.
272 3961 386 4020 amnibus,
399 3963 471 4025 Tdr.
497 4002 528 4010 -
557 3961 692 4022 bibentibus,
704 3961 748 4009 Ra
770 3959 908 4025 viceabbati,
925 3965 970 4015 R¹.
993 3963 1143 4030 venientibus,
1156 3970 1207 4019 Td.
1226 4010 1258 4018 -

144 4022 397 4093 courtutcsquefflffl.
425 4025 711 4092 arctansquerfflob.)
734 4035 878 4091 arsurosque,
890 4033 927 4081 (11.
949 4036 1153 4097 maturauerat
1179 4044 1260 4085 arcta-

145 4093 227 4157 a‘rqae,
244 4092 294 4160 βγ.
321 4096 449 4159 aeriusque,
467 4097 574 4148 Salmas.
591 4112 672 4147 exerc.
688 4112 714 4160 p.
731 4101 787 4146 218.
804 4098 873 4159 all.
895 4099 1033 4165 intereaque,
1048 4103 1172 4164 Pedicas,
1190 4107 1260 4167 quod

144 4163 235 4223 probat
243 4162 347 4214 Gesner.
357 4165 491 4214 chrestom.
500 4178 526 4228 p.
537 4168 595 4217 271.
608 4205 639 4214 ..
658 4161 773 4227 diffluere,
784 4166 816 4216 Β.
829 4204 859 4215 ..
878 4163 916 4216 lrr'a
926 4176 952 4218 et
963 4167 1027 4232 loca,
1040 4171 1063 4219 d.
1076 4208 1107 4221 -
1126 4186 1218 4232 munus,
1227 4172 1259 4222 R.

145 4267 176 4276 ..
195 4243 243 4291 aes,
255 4232 286 4281 Β.
306 4271 337 4280 ..
356 4233 495 4295 totum‚Rd.
513 4238 611 4296 tuntum,
622 4249 636 4283 r
647 4228 737 4295 (Βοὴ.)
