2896 4800
204 268 266 332 174
555 281 760 330 raruaanrs
781 281 977 332 msroama

202 438 325 526 pellant
345 433 498 523 fastigata
518 433 717 521 longitudine
744 433 977 501 alabastrorum
1002 433 1107 521 figura
1128 436 1162 500 in
1184 435 1327 522 pleniore

202 539 281 607 orbe
307 535 480 604 desinentis
487 561 496 614 3
532 535 591 601 hos
619 535 729 622 digitis
756 536 951 622 suspendere
978 545 1011 603 et
1036 536 1129 601 binos
1157 548 1327 606 aeternos

203 640 336 707 auribus
356 637 546 704 feminarum
568 636 671 724 gloria
693 646 753 701 est.
775 635 924 703 Sabeunt
943 636 1090 703 luxuriae
1112 637 1183 704 eius
1196 641 1328 707 nomina
1342 660 1390 707 11⁴

203 753 236 808 st
257 740 364 806 taedia
385 738 545 823 exquisita
565 737 694 825 perdito
721 748 895 824 nepotatu3
925 738 1085 823 siquidem
1111 761 1186 805 cum
1213 740 1248 806 id
1274 742 1326 808 fe-

202 864 275 910 cere
296 840 430 908 crotalia
450 839 627 926 appellant,
651 860 711 904 ceu
728 860 805 905 sono
820 860 948 924 quoque
963 839 1127 928 gaudeant
1148 851 1182 907 et
1201 844 1327 909 conlisu

200 945 274 1032 ipso
294 942 557 1031 margaritarum
581 941 779 1027 cupiuntque
799 941 865 1006 iam
887 951 920 1007 et
940 963 1101 1029 pauperes
1117 943 1264 1010 lictorem
1276 945 1325 1012 fe·

200 1046 307 1112 minae
328 1045 363 1109 in
383 1043 513 1131 publico
535 1042 688 1108 unionem
711 1063 781 1108 esse
803 1042 998 1108 dictitantes.
1022 1041 1113 1125 Quin
1133 1054 1166 1109 et
1186 1045 1326 1131 pedibus

102 1203 104 1211 .
200 1169 262 1214 nec
289 1145 492 1232 crepidarum
519 1152 644 1209 tantum
675 1142 871 1232 obstragulis
899 1145 957 1209 scd
984 1145 1060 1210 totis
1096 1146 1233 1212 socculis
1266 1147 1325 1212 ad·

200 1250 298 1326 dunt3
326 1269 432 1332 neque
460 1245 545 1312 enim
572 1255 701 1331 gestare
726 1245 791 1310 iam
817 1246 1019 1332 margaritas,
1046 1246 1109 1313 nisi
1136 1249 1260 1314 calcent
1285 1269 1325 1314 ac
1367 1254 1372 1261 ’

200 1372 260 1438 per
280 1349 416 1415 uniones
437 1348 534 1414 etiam
555 1347 729 1425 ambulent,
752 1347 831 1412 satis
852 1357 911 1413 est
933 1347 974 1412 In
994 1359 1105 1414 nostro
1126 1350 1208 1415 mari
1227 1368 1387 1435 repe-115

200 1452 259 1517 riri
286 1450 447 1527 solebant,
478 1448 623 1514 crebrius
656 1447 742 1514 circa
767 1446 950 1534 Bosporum
976 1447 1167 1528 Thracium,
1198 1450 1261 1515 rufi
1286 1472 1325 1517 ac

200 1552 294 1640 parvi
314 1551 350 1616 in
370 1547 499 1615 conchis
519 1570 601 1633 quas
621 1571 715 1634 myas
736 1549 915 1636 appellant3
938 1559 972 1616 at
990 1550 1025 1615 in
1038 1548 1221 1616 Acarnania
1239 1573 1324 1636 quae

200 1662 335 1720 vocatur
361 1650 438 1737 pina
464 1651 580 1739 gignit,
607 1672 671 1735 quo
699 1651 835 1737 adparet
861 1672 926 1716 non
953 1672 1017 1717 uno
1044 1651 1184 1718 conchae
1204 1639 1327 1740 genere

200 1754 301 1821 nasci.
321 1751 469 1836 Namque
485 1762 518 1817 et
530 1751 614 1817 luba
635 1752 732 1816 tradit
745 1752 896 1819 Arabicis
918 1752 1072 1819 concham
1093 1775 1164 1819 esse
1186 1752 1321 1819 similem

200 1854 321 1944 pectini
346 1853 477 1931 insecta,
504 1853 660 1919 hirsutam
687 1853 873 1919 echinorum
897 1854 1005 1933 modo,
1039 1855 1147 1940 ipsum
1171 1853 1323 1921 unionem
1367 1862 1369 1866 “

200 1957 363 2034 incarne,
385 1955 536 2044 grandini
557 1954 702 2019 similem.
726 1953 877 2020 Conchae
898 1977 962 2021 non
984 1956 1064 2020 tales
1085 1956 1128 2020 ad
1147 1976 1209 2021 nos
1228 1955 1323 2022 adie-

200 2069 326 2124 runtur.
360 2056 430 2123 Nec
450 2057 486 2121 in
505 2055 691 2122 Acarnania
711 2067 820 2122 autem
840 2057 962 2124 laudati
983 2057 1199 2144 reperiuntur,
1227 2078 1322 2125 enor-

201 2182 272 2228 mes
293 2169 326 2226 et
346 2159 406 2224 feri
428 2157 606 2242 colorisque
627 2158 812 2237 marmorei3
835 2157 983 2224 meliores
1000 2158 1086 2223 circa
1098 2157 1242 2237 Actium,
1266 2158 1324 2223 sed

201 2273 235 2329 et
254 2262 289 2327 hi
309 2260 412 2349 parvi,
441 2269 474 2325 st
501 2259 539 2323 in-
557 2258 780 2326 Mauretaniae
801 2259 980 2325 maritimis.
1016 2259 1204 2324 Alexander
1229 2261 1322 2346 poly-

199 2362 302 2429 histor
317 2373 350 2428 et
363 2360 505 2427 Sudines
521 2381 687 2428 senescere
709 2383 765 2427 eos
785 2371 901 2447 putant
923 2361 1125 2445 coloremque
1146 2361 1322 2447 exspirare.

244 2465 297 2530 ot.
319 2462 444 2528 Eorum
459 2483 576 2548 corpus
591 2462 730 2528 solidum
745 2484 818 2529 esse
831 2463 1038 2529 manifestum
1053 2471 1111 2541 est,
1134 2462 1221 2547 quod
1235 2463 1322 2530 nullo
1337 2480 1383 2527 us
1436 2508 1440 2515 .

201 2564 297 2648 lapsu
319 2562 523 2652 franguntur.
555 2561 630 2628 Non
651 2574 759 2629 autem
780 2586 908 2651 semper
928 2564 963 2629 in
983 2564 1091 2632 media
1112 2587 1207 2631 earne
1227 2587 1322 2652 repe·

201 2665 330 2732 riantur
351 2664 410 2729 sed
430 2663 501 2728 aliis
522 2673 619 2747 atque
640 2665 710 2730 aliis
731 2665 822 2744 locis,
849 2666 1054 2750 vidimusque
1074 2665 1139 2730 iam
1159 2665 1195 2730 in
1216 2676 1322 2732 extre·

201 2765 264 2832 mis
285 2765 382 2830 etiam
400 2765 601 2853 marginibus
622 2767 711 2833 velut
725 2768 847 2834 concha
859 2767 1009 2834 exeuntis
1030 2776 1064 2834 et
1082 2766 1118 2832 in
1131 2766 1323 2851 quibusdam
1397 2848 1402 2852 ,

200 2877 374 2952 quaternos
403 2867 591 2953 quinosque.
626 2866 761 2934 Pondus
787 2869 911 2936 adhoc
932 2869 1005 2936 aevi
1026 2869 1206 2934 semunciae
1227 2867 1323 2955 pauci

201 2969 339 3058 singulis
360 2969 508 3055 scripulis
529 2991 705 3036 excessere.
725 2970 765 3036 In
779 2970 948 3036 Britannia
967 2992 1086 3059 parvos
1107 2980 1204 3054 atque
1225 2970 1321 3035 deco-

200 3069 285 3138 lores
305 3070 398 3137 nasci
413 3082 536 3139 certum
557 3082 616 3151 est,
641 3072 791 3159 quoniam
813 3072 905 3139 divos
919 3073 1023 3139 Iulius
1045 3072 1207 3138 thoracem
1226 3092 1324 3155 quem

225 3242 359 3310 suscipata,
370 3244 403 3295 R.
416 3243 537 3310 satipata
548 3244 602 3296 Td.
615 3243 759 3310 fastigiata,
769 3239 800 3307 β.
817 3283 850 3297 ..
872 3243 911 3296 vel
920 3243 1130 3312 abhastmfiqara
1140 3242 1179 3294 vel
1187 3243 1221 3306 in,
1232 3243 1323 3294 Dalac.

201 3351 234 3361 ..
248 3310 354 3375 pleniore
365 3312 428 3374 orbe,
439 3313 472 3363 R.
486 3311 591 3377 planiori
601 3313 663 3374 orba,
674 3316 698 3364 d.
713 3311 843 3376 pleniorem
854 3315 939 3378 orbem,
950 3310 1001 3380 βγ.

234 3380 250 3442 o
264 3384 320 3429 114.
337 3377 495 3443 amantque,
510 3372 560 3430 θᾱ.
574 3419 606 3429 ..
615 3377 726 3443 sauata
737 3379 860 3497 argutam,
871 3383 905 3433 m
917 3422 949 3432 ..
963 3379 1061 3447 perdito
1071 3385 1188 3444 motam,
1199 3378 1224 3428 R
1236 3371 1322 3437 (codd.

201 3445 312 3497 'rumen
325 3448 382 3497 adv.
396 3451 436 3506 10,
448 3444 486 3508 9.)
508 3444 643 3510 perditione
651 3454 743 3511 potata,
786 3449 864 3502 STd.
887 3447 1168 3515 perddisnepotatmli.
1193 3442 1323 3509 perdicae

196 3519 304 3577 portata
314 3507 344 3574 β.
362 3553 394 3564 -
405 3512 503 3577 facerit,
516 3515 541 3564 d.
565 3553 599 3566 ..
620 3513 700 3564 colliso
712 3515 765 3580 ipsi,
776 3517 808 3568 B.
826 3558 859 3568 ..
877 3517 1025 3583 emittatque,
1036 3517 1135 3570 BTdr.
1152 3516 1323 3580 affectumque,

199 3574 229 3642 β.
242 3621 274 3630 ..
287 3577 433 3643 licitatorem,
443 3581 545 3633 Merula
555 3583 624 3646 apud
634 3584 738 3634 Barbar.
751 3580 837 3645 (codd.
849 3584 988 3648 Massam)
999 3627 1032 3636 ..
1045 3583 1187 3644 dictitantes,
1198 3581 1269 3633 Rdr.
1287 3577 1324 3629 dia

200 3655 299 3717 amatas,
310 3643 340 3710 β.
360 3689 392 3698 ..
409 3648 560 3714 obstrepulis,
571 3651 618 3701 R2.
636 3651 724 3714 chatra,
736 3653 781 3703 Bt
798 3651 928 3716 abstollat,
940 3656 964 3705 d.
983 3694 1016 3704 ..
1033 3661 1064 3715 at,
1076 3652 1108 3703 R.
1126 3651 1184 3704 Om.
1197 3652 1222 3701 d.

235 3716 321 3777 §lla
339 3732 362 3765 m
379 3733 415 3779 aa,
427 3733 477 3769 om.
489 3720 526 3782 dt
544 3759 577 3768 ..
600 3721 694 3781 catil.
713 3760 745 3770 ..
763 3719 833 3784 pina,
844 3719 880 3771 ita
891 3736 940 3773 nos
955 3722 1113 3786 scripsimnm
1131 3734 1155 3769 v.
1167 3720 1200 3768 ad
1212 3723 1253 3778 32,
1267 3721 1324 3767 150.

196 3786 345 3848 pennatae
373 3799 400 3851 γ.
417 3825 450 3837 ..
466 3784 546 3847 simili,
557 3787 590 3837 R.
608 3826 641 3837 ..
654 3785 756 3850 pectinis
767 3786 793 3836 im
803 3795 904 3850 reuecta,
917 3789 942 3839 d.
960 3829 993 3841 ..
1011 3786 1119 3849 marmio,
1130 3789 1162 3838 R.
1179 3826 1212 3836 -
1234 3780 1324 3847 atseri,

200 3851 237 3901 R¹
247 3843 341 3903 9'1'dr.
354 3853 425 3916 sere,
441 3855 514 3904 codd.
526 3855 634 3905 Massar.
646 3863 672 3905 et
684 3853 741 3906 Gal.
752 3849 783 3917 β.
801 3856 892 3920 atsere,
902 3857 949 3907 R².
967 3897 1000 3907 ..
1017 3852 1194 3917 concoloreaqae
1205 3849 1324 3913 marazam,

201 3919 276 3967 codd.
287 3920 394 3970 Massar.
412 3922 583 3985 marmoreique
594 3921 685 3984 colora,
696 3924 785 3973 Dalec.
804 3964 837 3975 ..
851 3923 945 3990 paruit,
957 3923 990 3972 R.
1005 3915 1158 3992 Parsssdvlssss
1171 3925 1195 3972 d.

236 3985 251 4046 5
266 3989 321 4035 116.
339 3985 447 4051 solidum,
459 4004 510 4039 om.
521 3990 554 4039 R.
573 4030 605 4040 ..
615 3989 775 4054 frangantur,
787 3992 840 4041 Τὰ.
857 4031 890 4040 ..
914 3988 984 4053 velat,
996 3993 1028 4041 R.
1054 3990 1135 4052 velati,
1148 3993 1173 4040 d.
1199 3985 1262 4037 velat
1272 4001 1292 4047 e,
1304 4000 1325 4035 r.

202 4089 235 4100 ..
253 4050 413 4116 cingulissd.
439 4095 472 4105 -
498 4056 663 4119 scapulam
688 4056 817 4123 scrupulis,
830 4054 902 4123 dsty.
929 4098 961 4108 ...
987 4056 1325 4120 Ian'taaaia3haeccum

203 4129 273 4180 seqq.
285 4121 419 4182 exscripsit
430 4121 511 4171 Solin.
525 4129 565 4183 53,
577 4131 617 4175 28.
629 4130 671 4175 29.

238 4181 324 4243 illl.
345 4184 447 4248 astla
468 4185 612 4256 ffilhdssr·
631 4231 664 4241 ..
689 4184 851 4253 act,ROdr.
868 4187 947 4256 aad.
967 4232 999 4242 -
1024 4191 1127 4256 aidila
1145 4189 1273 4253 viridiad.
1291 4226 1324 4239 ..

205 4255 281 4314 ΜΟ,
297 4251 329 4304 R
357 4259 433 4317 mitt,
445 4250 517 4320 (1197·
543 4296 575 4308 -
602 4257 711 4324 caim,
723 4260 831 4314 Salmas.
844 4276 926 4314 exarc.
938 4276 964 4327 p.
977 4265 1035 4313 825.
1046 4275 1070 4314 a.
1083 4260 1114 4312 (2.
1140 4259 1224 4324 aina,
1237 4259 1325 4310 Heius.

83 4454 227 4520 A
