<?xml version="1.0" encoding="UTF-8"?>
<!DOCTYPE html PUBLIC "-//W3C//DTD XHTML 1.0 Transitional//EN"
    "http://www.w3.org/TR/xhtml1/DTD/xhtml1-transitional.dtd">
<html xmlns="http://www.w3.org/1999/xhtml" xml:lang="en" lang="en">
 <head>
  <title>
</title>
<meta http-equiv="Content-Type" content="text/html;charset=utf-8" />
  <meta name='ocr-system' content='tesseract 3.04.00' />
  <meta name='ocr-capabilities' content='ocr_page ocr_carea ocr_par ocr_line ocrx_word'/>
</head>
<body>
  <div class='ocr_page' id='page_1' title='image "./cplinisecundina09plingoog_0444.png"; bbox 0 0 2896 4800; ppageno 0'>
   <div class='ocr_carea' id='block_1_1' title="bbox 362 262 1242 333">
    <p class='ocr_par' dir='ltr' id='par_1_1' title="bbox 362 262 1242 333">
     <span class='ocr_line' id='line_1_1' title="bbox 362 262 1242 333; baseline -0.003 -1"><span class='ocrx_word' id='word_1_1' title='bbox 362 285 432 333; x_wconf 78' lang='lat' dir='ltr'>ers.</span> <span class='ocrx_word' id='word_1_2' title='bbox 447 280 521 333; x_wconf 84' lang='lat' dir='ltr'>xrv.</span> <span class='ocrx_word' id='word_1_3' title='bbox 550 275 774 330; x_wconf 73' lang='lat' dir='ltr'>cnr.&#39;1x..x1.</span> <span class='ocrx_word' id='word_1_4' title='bbox 805 275 902 330; x_wconf 76' lang='lat' dir='ltr'>sacr.</span> <span class='ocrx_word' id='word_1_5' title='bbox 919 283 1007 327; x_wconf 82' lang='lat' dir='ltr'>u-ra</span> <span class='ocrx_word' id='word_1_6' title='bbox 1179 262 1242 329; x_wconf 77' lang='lat'>429</span> 
     </span>
    </p>
   </div>
   <div class='ocr_carea' id='block_1_2' title="bbox 37 432 1289 3150">
    <p class='ocr_par' dir='ltr' id='par_1_2' title="bbox 121 432 1289 1842">
     <span class='ocr_line' id='line_1_2' title="bbox 122 432 1243 522; baseline -0.006 -17"><span class='ocrx_word' id='word_1_7' title='bbox 122 437 228 506; x_wconf 84' lang='lat' dir='ltr'>vincia</span> <span class='ocrx_word' id='word_1_8' title='bbox 259 447 293 503; x_wconf 90' lang='lat' dir='ltr'>et</span> <span class='ocrx_word' id='word_1_9' title='bbox 323 437 358 500; x_wconf 92' lang='lat' dir='ltr'>in</span> <span class='ocrx_word' id='word_1_10' title='bbox 390 458 428 501; x_wconf 87' lang='lat' dir='ltr'>ea</span> <span class='ocrx_word' id='word_1_11' title='bbox 453 457 602 500; x_wconf 88' lang='lat' dir='ltr'>maxume</span> <span class='ocrx_word' id='word_1_12' title='bbox 628 433 792 510; x_wconf 84' lang='lat' dir='ltr'>Vocontii3</span> <span class='ocrx_word' id='word_1_13' title='bbox 825 432 1013 498; x_wconf 77' lang='lat' dir='ltr'><strong>adservatur</strong></span> <span class='ocrx_word' id='word_1_14' title='bbox 1041 432 1110 499; x_wconf 88' lang='lat' dir='ltr'>eius</span> <span class='ocrx_word' id='word_1_15' title='bbox 1136 434 1243 522; x_wconf 82' lang='lat' dir='ltr'>gratia</span> 
     </span>
     <span class='ocr_line' id='line_1_3' title="bbox 122 532 1288 622; baseline -0.008 -17"><span class='ocrx_word' id='word_1_16' title='bbox 122 564 187 605; x_wconf 87' lang='lat' dir='ltr'>uva</span> <span class='ocrx_word' id='word_1_17' title='bbox 212 539 332 604; x_wconf 90' lang='lat' dir='ltr'>diutius</span> <span class='ocrx_word' id='word_1_18' title='bbox 358 537 393 601; x_wconf 91' lang='lat' dir='ltr'>in</span> <span class='ocrx_word' id='word_1_19' title='bbox 421 537 486 601; x_wconf 93' lang='lat' dir='ltr'>vite</span> <span class='ocrx_word' id='word_1_20' title='bbox 513 535 662 622; x_wconf 89' lang='lat' dir='ltr'>pediculo</span> <span class='ocrx_word' id='word_1_21' title='bbox 683 535 810 600; x_wconf 86' lang='lat' dir='ltr'>intorto.</span> <span class='ocrx_word' id='word_1_22' title='bbox 843 532 900 598; x_wconf 90' lang='lat' dir='ltr'>Ab</span> <span class='ocrx_word' id='word_1_23' title='bbox 928 533 1000 598; x_wconf 89' lang='lat' dir='ltr'>aliis</span> <span class='ocrx_word' id='word_1_24' title='bbox 1027 533 1097 619; x_wconf 90' lang='lat' dir='ltr'>ipse</span> <span class='ocrx_word' id='word_1_25' title='bbox 1118 535 1242 620; x_wconf 85' lang='lat' dir='ltr'>palmes</span> <span class='ocrx_word' id='word_1_26' title='bbox 1255 553 1288 598; x_wconf 70' lang='lat' dir='ltr'>ss</span> 
     </span>
     <span class='ocr_line' id='line_1_4' title="bbox 122 634 1243 722; baseline -0.004 -18"><span class='ocrx_word' id='word_1_27' title='bbox 122 641 274 706; x_wconf 83' lang='lat' dir='ltr'>inciditur</span> <span class='ocrx_word' id='word_1_28' title='bbox 293 640 328 703; x_wconf 92' lang='lat' dir='ltr'>in</span> <span class='ocrx_word' id='word_1_29' title='bbox 348 638 530 716; x_wconf 89' lang='lat' dir='ltr'>medullam,</span> <span class='ocrx_word' id='word_1_30' title='bbox 554 637 594 703; x_wconf 91' lang='lat' dir='ltr'>ab</span> <span class='ocrx_word' id='word_1_31' title='bbox 617 637 687 701; x_wconf 89' lang='lat' dir='ltr'>aliis</span> <span class='ocrx_word' id='word_1_32' title='bbox 708 659 773 701; x_wconf 90' lang='lat' dir='ltr'>uva</span> <span class='ocrx_word' id='word_1_33' title='bbox 787 643 925 701; x_wconf 87' lang='lat' dir='ltr'>torretur</span> <span class='ocrx_word' id='word_1_34' title='bbox 937 634 972 698; x_wconf 92' lang='lat' dir='ltr'>in</span> <span class='ocrx_word' id='word_1_35' title='bbox 985 634 1114 722; x_wconf 86' lang='lat' dir='ltr'>tegulis,</span> <span class='ocrx_word' id='word_1_36' title='bbox 1135 636 1243 700; x_wconf 91' lang='lat' dir='ltr'>omnia</span> 
     </span>
     <span class='ocr_line' id='line_1_5' title="bbox 123 735 1241 821; baseline -0.007 -14"><span class='ocrx_word' id='word_1_37' title='bbox 123 764 165 807; x_wconf 89' lang='lat' dir='ltr'>ex</span> <span class='ocrx_word' id='word_1_38' title='bbox 185 740 380 806; x_wconf 79' lang='lat' dir='ltr'>helvennaca</span> <span class='ocrx_word' id='word_1_39' title='bbox 401 740 475 811; x_wconf 89' lang='lat' dir='ltr'>vite.</span> <span class='ocrx_word' id='word_1_40' title='bbox 497 736 562 803; x_wconf 90' lang='lat' dir='ltr'>His</span> <span class='ocrx_word' id='word_1_41' title='bbox 584 737 729 804; x_wconf 85' lang='lat' dir='ltr'>adiciunt</span> <span class='ocrx_word' id='word_1_42' title='bbox 749 736 848 821; x_wconf 86' lang='lat' dir='ltr'>aliqui</span> <span class='ocrx_word' id='word_1_43' title='bbox 869 736 956 820; x_wconf 91' lang='lat' dir='ltr'>quod</span> <span class='ocrx_word' id='word_1_44' title='bbox 970 746 1087 801; x_wconf 88' lang='lat' dir='ltr'>vocant</span> <span class='ocrx_word' id='word_1_45' title='bbox 1108 735 1241 819; x_wconf 88' lang='lat' dir='ltr'>diaohy-</span> 
     </span>
     <span class='ocr_line' id='line_1_6' title="bbox 123 836 1242 924; baseline -0.004 -17"><span class='ocrx_word' id='word_1_46' title='bbox 123 852 188 921; x_wconf 88' lang='lat' dir='ltr'>ton,</span> <span class='ocrx_word' id='word_1_47' title='bbox 211 841 284 907; x_wconf 89' lang='lat' dir='ltr'>uvis</span> <span class='ocrx_word' id='word_1_48' title='bbox 305 841 339 906; x_wconf 92' lang='lat' dir='ltr'>in</span> <span class='ocrx_word' id='word_1_49' title='bbox 362 841 427 906; x_wconf 92' lang='lat' dir='ltr'>sole</span> <span class='ocrx_word' id='word_1_50' title='bbox 449 839 576 906; x_wconf 85' lang='lat' dir='ltr'>siccatis</span> <span class='ocrx_word' id='word_1_51' title='bbox 597 841 668 905; x_wconf 90' lang='lat' dir='ltr'>loco</span> <span class='ocrx_word' id='word_1_52' title='bbox 689 839 779 904; x_wconf 85' lang='lat' dir='ltr'>cluso</span> <span class='ocrx_word' id='word_1_53' title='bbox 800 838 859 924; x_wconf 87' lang='lat' dir='ltr'>per</span> <span class='ocrx_word' id='word_1_54' title='bbox 877 837 946 902; x_wconf 91' lang='lat' dir='ltr'>dies</span> <span class='ocrx_word' id='word_1_55' title='bbox 961 846 1085 923; x_wconf 88' lang='lat' dir='ltr'>septem</span> <span class='ocrx_word' id='word_1_56' title='bbox 1098 836 1131 900; x_wconf 91' lang='lat' dir='ltr'>in</span> <span class='ocrx_word' id='word_1_57' title='bbox 1146 837 1242 902; x_wconf 88' lang='lat' dir='ltr'>crati·</span> 
     </span>
     <span class='ocr_line' id='line_1_7' title="bbox 121 937 1242 1028; baseline -0.004 -22"><span class='ocrx_word' id='word_1_58' title='bbox 121 941 194 1020; x_wconf 87' lang='lat' dir='ltr'>bus,</span> <span class='ocrx_word' id='word_1_59' title='bbox 225 943 358 1008; x_wconf 84' lang='lat' dir='ltr'>totidem</span> <span class='ocrx_word' id='word_1_60' title='bbox 384 941 485 1028; x_wconf 87' lang='lat' dir='ltr'>pedes</span> <span class='ocrx_word' id='word_1_61' title='bbox 512 961 532 1006; x_wconf 89' lang='lat' dir='ltr'>a</span> <span class='ocrx_word' id='word_1_62' title='bbox 558 953 643 1006; x_wconf 87' lang='lat' dir='ltr'>terra</span> <span class='ocrx_word' id='word_1_63' title='bbox 669 939 744 1018; x_wconf 85' lang='lat' dir='ltr'>alte,</span> <span class='ocrx_word' id='word_1_64' title='bbox 773 938 923 1005; x_wconf 89' lang='lat' dir='ltr'>noctibus</span> <span class='ocrx_word' id='word_1_65' title='bbox 950 961 970 1002; x_wconf 88' lang='lat' dir='ltr'>a</span> <span class='ocrx_word' id='word_1_66' title='bbox 994 959 1070 1004; x_wconf 89' lang='lat' dir='ltr'>rore</span> <span class='ocrx_word' id='word_1_67' title='bbox 1091 937 1242 1014; x_wconf 79' lang='lat' dir='ltr'>defensis,</span> 
     </span>
     <span class='ocr_line' id='line_1_8' title="bbox 123 1038 1289 1128; baseline -0.005 -20"><span class='ocrx_word' id='word_1_68' title='bbox 123 1054 237 1109; x_wconf 91' lang='lat' dir='ltr'>octavo</span> <span class='ocrx_word' id='word_1_69' title='bbox 259 1044 311 1109; x_wconf 91' lang='lat' dir='ltr'>die</span> <span class='ocrx_word' id='word_1_70' title='bbox 334 1043 481 1119; x_wconf 84' lang='lat' dir='ltr'>calcatis3</span> <span class='ocrx_word' id='word_1_71' title='bbox 503 1042 550 1107; x_wconf 92' lang='lat' dir='ltr'>ita</span> <span class='ocrx_word' id='word_1_72' title='bbox 570 1041 639 1107; x_wconf 89' lang='lat' dir='ltr'>fieri</span> <span class='ocrx_word' id='word_1_73' title='bbox 661 1040 785 1128; x_wconf 82' lang='lat' dir='ltr'>optumi</span> <span class='ocrx_word' id='word_1_74' title='bbox 803 1040 910 1107; x_wconf 90' lang='lat' dir='ltr'>odoris</span> <span class='ocrx_word' id='word_1_75' title='bbox 925 1039 1123 1126; x_wconf 89' lang='lat' dir='ltr'>saporisque.</span> <span class='ocrx_word' id='word_1_76' title='bbox 1145 1038 1242 1106; x_wconf 89' lang='lat' dir='ltr'>Dulci</span> <span class='ocrx_word' id='word_1_77' title='bbox 1256 1058 1289 1103; x_wconf 79' lang='lat' dir='ltr'>ss</span> 
     </span>
     <span class='ocr_line' id='line_1_9' title="bbox 123 1129 1248 1233; baseline -0.004 -23"><span class='ocrx_word' id='word_1_78' title='bbox 123 1168 141 1210; x_wconf 91' lang='lat' dir='ltr'>e</span> <span class='ocrx_word' id='word_1_79' title='bbox 163 1168 282 1233; x_wconf 87' lang='lat' dir='ltr'>genere</span> <span class='ocrx_word' id='word_1_80' title='bbox 303 1155 353 1210; x_wconf 84' lang='lat' dir='ltr'>est</span> <span class='ocrx_word' id='word_1_81' title='bbox 375 1155 408 1210; x_wconf 92' lang='lat' dir='ltr'>et</span> <span class='ocrx_word' id='word_1_82' title='bbox 428 1144 597 1220; x_wconf 82' lang='lat' dir='ltr'>melitites3</span> <span class='ocrx_word' id='word_1_83' title='bbox 627 1143 724 1207; x_wconf 86' lang='lat' dir='ltr'>distat</span> <span class='ocrx_word' id='word_1_84' title='bbox 745 1143 900 1219; x_wconf 84' lang='lat' dir='ltr'>emulso,</span> <span class='ocrx_word' id='word_1_85' title='bbox 926 1141 1015 1226; x_wconf 93' lang='lat' dir='ltr'>quod</span> <span class='ocrx_word' id='word_1_86' title='bbox 1038 1141 1076 1205; x_wconf 89' lang='lat' dir='ltr'>fit</span> <span class='ocrx_word' id='word_1_87' title='bbox 1097 1163 1116 1206; x_wconf 91' lang='lat' dir='ltr'>e</span> <span class='ocrx_word' id='word_1_88' title='bbox 1136 1129 1248 1206; x_wconf 85' lang='lat' dir='ltr'>musto</span> 
     </span>
     <span class='ocr_line' id='line_1_10' title="bbox 123 1242 1244 1334; baseline -0.004 -21"><span class='ocrx_word' id='word_1_89' title='bbox 123 1269 196 1313; x_wconf 91' lang='lat' dir='ltr'>eum</span> <span class='ocrx_word' id='word_1_90' title='bbox 222 1247 362 1332; x_wconf 89' lang='lat' dir='ltr'>quinque</span> <span class='ocrx_word' id='word_1_91' title='bbox 390 1246 514 1334; x_wconf 83' lang='lat' dir='ltr'>congiis</span> <span class='ocrx_word' id='word_1_92' title='bbox 542 1245 662 1310; x_wconf 83' lang='lat' dir='ltr'>austeri</span> <span class='ocrx_word' id='word_1_93' title='bbox 686 1244 801 1323; x_wconf 88' lang='lat' dir='ltr'>musti,</span> <span class='ocrx_word' id='word_1_94' title='bbox 835 1245 951 1330; x_wconf 86' lang='lat' dir='ltr'>congio</span> <span class='ocrx_word' id='word_1_95' title='bbox 977 1243 1081 1309; x_wconf 91' lang='lat' dir='ltr'>mellis</span> <span class='ocrx_word' id='word_1_96' title='bbox 1107 1242 1140 1309; x_wconf 86' lang='lat' dir='ltr'>et</span> <span class='ocrx_word' id='word_1_97' title='bbox 1167 1243 1244 1308; x_wconf 85' lang='lat' dir='ltr'>salis</span> 
     </span>
     <span class='ocr_line' id='line_1_11' title="bbox 123 1342 1242 1433; baseline -0.004 -20"><span class='ocrx_word' id='word_1_98' title='bbox 123 1349 239 1432; x_wconf 79' lang='lat' dir='ltr'>cyatho</span> <span class='ocrx_word' id='word_1_99' title='bbox 261 1346 515 1426; x_wconf 79' lang='lat' dir='ltr'>subfervefactis,</span> <span class='ocrx_word' id='word_1_100' title='bbox 543 1357 715 1412; x_wconf 89' lang='lat' dir='ltr'>austerum.</span> <span class='ocrx_word' id='word_1_101' title='bbox 748 1342 815 1411; x_wconf 87' lang='lat' dir='ltr'>Sed</span> <span class='ocrx_word' id='word_1_102' title='bbox 837 1345 921 1409; x_wconf 91' lang='lat' dir='ltr'>inter</span> <span class='ocrx_word' id='word_1_103' title='bbox 941 1344 1022 1410; x_wconf 85' lang='lat' dir='ltr'>haec</span> <span class='ocrx_word' id='word_1_104' title='bbox 1042 1366 1162 1433; x_wconf 87' lang='lat' dir='ltr'>genera</span> <span class='ocrx_word' id='word_1_105' title='bbox 1182 1366 1242 1432; x_wconf 93' lang='lat' dir='ltr'>po-</span> 
     </span>
     <span class='ocr_line' id='line_1_12' title="bbox 123 1446 1242 1536; baseline -0.002 -22"><span class='ocrx_word' id='word_1_106' title='bbox 123 1460 214 1515; x_wconf 91' lang='lat' dir='ltr'>tuum</span> <span class='ocrx_word' id='word_1_107' title='bbox 241 1471 360 1536; x_wconf 89' lang='lat' dir='ltr'>ponere</span> <span class='ocrx_word' id='word_1_108' title='bbox 387 1448 490 1514; x_wconf 90' lang='lat' dir='ltr'>debeo</span> <span class='ocrx_word' id='word_1_109' title='bbox 513 1459 546 1514; x_wconf 91' lang='lat' dir='ltr'>et</span> <span class='ocrx_word' id='word_1_110' title='bbox 566 1457 755 1534; x_wconf 89' lang='lat' dir='ltr'>protropum</span> <span class='ocrx_word' id='word_1_111' title='bbox 761 1471 771 1523; x_wconf 85' lang='lat'><em>3</em></span> <span class='ocrx_word' id='word_1_112' title='bbox 799 1447 846 1511; x_wconf 88' lang='lat' dir='ltr'>ita</span> <span class='ocrx_word' id='word_1_113' title='bbox 867 1446 1045 1533; x_wconf 88' lang='lat' dir='ltr'>appellatur</span> <span class='ocrx_word' id='word_1_114' title='bbox 1066 1471 1086 1512; x_wconf 85' lang='lat' dir='ltr'>a</span> <span class='ocrx_word' id='word_1_115' title='bbox 1107 1447 1242 1532; x_wconf 47' lang='lat' dir='ltr'>quibus&amp;</span> 
     </span>
     <span class='ocr_line' id='line_1_13' title="bbox 124 1546 1243 1636; baseline 0.001 -22"><span class='ocrx_word' id='word_1_116' title='bbox 124 1550 198 1615; x_wconf 91' lang='lat' dir='ltr'>dam</span> <span class='ocrx_word' id='word_1_117' title='bbox 218 1559 360 1616; x_wconf 88' lang='lat' dir='ltr'>mustum</span> <span class='ocrx_word' id='word_1_118' title='bbox 383 1559 498 1636; x_wconf 90' lang='lat' dir='ltr'>sponte</span> <span class='ocrx_word' id='word_1_119' title='bbox 519 1549 664 1616; x_wconf 88' lang='lat' dir='ltr'>defluens</span> <span class='ocrx_word' id='word_1_120' title='bbox 685 1558 856 1633; x_wconf 89' lang='lat' dir='ltr'>antequam</span> <span class='ocrx_word' id='word_1_121' title='bbox 870 1549 1032 1614; x_wconf 87' lang='lat' dir='ltr'>calcentur</span> <span class='ocrx_word' id='word_1_122' title='bbox 1051 1570 1145 1614; x_wconf 88' lang='lat' dir='ltr'>uvae.</span> <span class='ocrx_word' id='word_1_123' title='bbox 1167 1546 1243 1615; x_wconf 90' lang='lat' dir='ltr'>Hoc</span> 
     </span>
     <span class='ocr_line' id='line_1_14' title="bbox 122 1649 1243 1741; baseline -0.001 -25"><span class='ocrx_word' id='word_1_124' title='bbox 122 1651 268 1737; x_wconf 89' lang='lat' dir='ltr'>protinus</span> <span class='ocrx_word' id='word_1_125' title='bbox 290 1652 445 1716; x_wconf 84' lang='lat' dir='ltr'>diffusum</span> <span class='ocrx_word' id='word_1_126' title='bbox 465 1651 590 1741; x_wconf 83' lang='lat' dir='ltr'>lagenis</span> <span class='ocrx_word' id='word_1_127' title='bbox 612 1649 679 1715; x_wconf 87' lang='lat' dir='ltr'>suis</span> <span class='ocrx_word' id='word_1_128' title='bbox 700 1650 867 1716; x_wconf 91' lang='lat' dir='ltr'>defervere</span> <span class='ocrx_word' id='word_1_129' title='bbox 887 1650 975 1736; x_wconf 89' lang='lat' dir='ltr'>passi</span> <span class='ocrx_word' id='word_1_130' title='bbox 995 1659 1108 1736; x_wconf 86' lang='lat' dir='ltr'>postea</span> <span class='ocrx_word' id='word_1_131' title='bbox 1127 1649 1162 1715; x_wconf 91' lang='lat' dir='ltr'>in</span> <span class='ocrx_word' id='word_1_132' title='bbox 1176 1651 1243 1716; x_wconf 89' lang='lat' dir='ltr'>sole</span> 
     </span>
     <span class='ocr_line' id='line_1_15' title="bbox 122 1750 1242 1842; baseline -0.002 -25"><span class='ocrx_word' id='word_1_133' title='bbox 122 1753 336 1842; x_wconf 84' lang='lat' dir='ltr'>quadraginta</span> <span class='ocrx_word' id='word_1_134' title='bbox 363 1751 477 1818; x_wconf 91' lang='lat' dir='ltr'>diebus</span> <span class='ocrx_word' id='word_1_135' title='bbox 504 1762 626 1818; x_wconf 87' lang='lat' dir='ltr'>torrent</span> <span class='ocrx_word' id='word_1_136' title='bbox 654 1751 785 1816; x_wconf 85' lang='lat' dir='ltr'>aestatis</span> <span class='ocrx_word' id='word_1_137' title='bbox 808 1763 936 1816; x_wconf 90' lang='lat' dir='ltr'>secutae</span> <span class='ocrx_word' id='word_1_138' title='bbox 957 1750 1029 1837; x_wconf 92' lang='lat' dir='ltr'>ipso</span> <span class='ocrx_word' id='word_1_139' title='bbox 1051 1751 1138 1816; x_wconf 89' lang='lat' dir='ltr'>canis</span> <span class='ocrx_word' id='word_1_140' title='bbox 1158 1762 1242 1817; x_wconf 84' lang='lat' dir='ltr'>ortu.</span> 
     </span>
    </p>

    <p class='ocr_par' dir='ltr' id='par_1_3' title="bbox 37 1844 1288 2750">
     <span class='ocr_line' id='line_1_16' title="bbox 163 1844 1288 1938; baseline -0.007 -20"><span class='ocrx_word' id='word_1_141' title='bbox 163 1844 210 1919; x_wconf 90' lang='lat' dir='ltr'>X.</span> <span class='ocrx_word' id='word_1_142' title='bbox 233 1856 283 1919; x_wconf 77' lang='lat'>12.</span> <span class='ocrx_word' id='word_1_143' title='bbox 316 1852 389 1919; x_wconf 88' lang='lat' dir='ltr'>Non</span> <span class='ocrx_word' id='word_1_144' title='bbox 416 1863 554 1938; x_wconf 89' lang='lat' dir='ltr'>possunt</span> <span class='ocrx_word' id='word_1_145' title='bbox 580 1852 650 1917; x_wconf 92' lang='lat' dir='ltr'>iure</span> <span class='ocrx_word' id='word_1_146' title='bbox 672 1851 735 1916; x_wconf 89' lang='lat' dir='ltr'>dici</span> <span class='ocrx_word' id='word_1_147' title='bbox 757 1852 832 1916; x_wconf 86' lang='lat' dir='ltr'>vina</span> <span class='ocrx_word' id='word_1_148' title='bbox 853 1873 936 1935; x_wconf 90' lang='lat' dir='ltr'>quae</span> <span class='ocrx_word' id='word_1_149' title='bbox 959 1849 1078 1916; x_wconf 83' lang='lat' dir='ltr'>Graeci</span> <span class='ocrx_word' id='word_1_150' title='bbox 1099 1851 1243 1917; x_wconf 90' lang='lat' dir='ltr'>deuteria</span> <span class='ocrx_word' id='word_1_151' title='bbox 1255 1867 1288 1913; x_wconf 84' lang='lat' dir='ltr'>ss</span> 
     </span>
     <span class='ocr_line' id='line_1_17' title="bbox 121 1950 1242 2040; baseline -0.002 -22"><span class='ocrx_word' id='word_1_152' title='bbox 121 1955 293 2040; x_wconf 86' lang='lat' dir='ltr'>appellant,</span> <span class='ocrx_word' id='word_1_153' title='bbox 323 1950 407 2019; x_wconf 85' lang='lat' dir='ltr'>Cato</span> <span class='ocrx_word' id='word_1_154' title='bbox 430 1964 463 2018; x_wconf 92' lang='lat' dir='ltr'>et</span> <span class='ocrx_word' id='word_1_155' title='bbox 482 1976 541 2018; x_wconf 90' lang='lat' dir='ltr'>nos</span> <span class='ocrx_word' id='word_1_156' title='bbox 561 1954 673 2030; x_wconf 89' lang='lat' dir='ltr'>loram,</span> <span class='ocrx_word' id='word_1_157' title='bbox 701 1953 868 2017; x_wconf 88' lang='lat' dir='ltr'>maceratis</span> <span class='ocrx_word' id='word_1_158' title='bbox 890 1974 974 2035; x_wconf 85' lang='lat' dir='ltr'>aqua</span> <span class='ocrx_word' id='word_1_159' title='bbox 994 1950 1152 2029; x_wconf 88' lang='lat' dir='ltr'>vinaceis,</span> <span class='ocrx_word' id='word_1_160' title='bbox 1183 1950 1242 2016; x_wconf 88' lang='lat' dir='ltr'>sed</span> 
     </span>
     <span class='ocr_line' id='line_1_18' title="bbox 122 2052 1241 2139; baseline -0.002 -21"><span class='ocrx_word' id='word_1_161' title='bbox 122 2064 229 2121; x_wconf 88' lang='lat' dir='ltr'>tamen</span> <span class='ocrx_word' id='word_1_162' title='bbox 254 2055 338 2120; x_wconf 88' lang='lat' dir='ltr'>inter</span> <span class='ocrx_word' id='word_1_163' title='bbox 363 2055 439 2119; x_wconf 86' lang='lat' dir='ltr'>vina</span> <span class='ocrx_word' id='word_1_164' title='bbox 459 2054 607 2139; x_wconf 89' lang='lat' dir='ltr'>operaria</span> <span class='ocrx_word' id='word_1_165' title='bbox 627 2063 844 2118; x_wconf 86' lang='lat' dir='ltr'>numerantur.</span> <span class='ocrx_word' id='word_1_166' title='bbox 873 2052 952 2118; x_wconf 80' lang='lat' dir='ltr'>Tria</span> <span class='ocrx_word' id='word_1_167' title='bbox 973 2075 1082 2118; x_wconf 91' lang='lat' dir='ltr'>eorum</span> <span class='ocrx_word' id='word_1_168' title='bbox 1104 2074 1241 2137; x_wconf 88' lang='lat' dir='ltr'>genera:</span> 
     </span>
     <span class='ocr_line' id='line_1_19' title="bbox 121 2153 1241 2241; baseline -0.002 -21"><span class='ocrx_word' id='word_1_169' title='bbox 121 2156 257 2222; x_wconf 90' lang='lat' dir='ltr'>decuma</span> <span class='ocrx_word' id='word_1_170' title='bbox 283 2165 374 2241; x_wconf 91' lang='lat' dir='ltr'>parte</span> <span class='ocrx_word' id='word_1_171' title='bbox 402 2176 503 2240; x_wconf 87' lang='lat' dir='ltr'>aquae</span> <span class='ocrx_word' id='word_1_172' title='bbox 532 2155 643 2221; x_wconf 86' lang='lat' dir='ltr'>addita</span> <span class='ocrx_word' id='word_1_173' title='bbox 665 2177 747 2238; x_wconf 90' lang='lat' dir='ltr'>quae</span> <span class='ocrx_word' id='word_1_174' title='bbox 768 2154 866 2219; x_wconf 84' lang='lat' dir='ltr'>musti</span> <span class='ocrx_word' id='word_1_175' title='bbox 895 2176 1048 2240; x_wconf 87' lang='lat' dir='ltr'>expressa</span> <span class='ocrx_word' id='word_1_176' title='bbox 1075 2154 1116 2218; x_wconf 89' lang='lat' dir='ltr'>sit</span> <span class='ocrx_word' id='word_1_177' title='bbox 1143 2153 1241 2218; x_wconf 88' lang='lat' dir='ltr'>etita</span> 
     </span>
     <span class='ocr_line' id='line_1_20' title="bbox 37 2253 1238 2341; baseline -0.005 -15"><span class='ocrx_word' id='word_1_178' title='bbox 37 2321 40 2326; x_wconf 89' lang='lat'>.</span> <span class='ocrx_word' id='word_1_179' title='bbox 121 2268 216 2323; x_wconf 89' lang='lat' dir='ltr'>nocte</span> <span class='ocrx_word' id='word_1_180' title='bbox 237 2280 275 2322; x_wconf 89' lang='lat' dir='ltr'>ac</span> <span class='ocrx_word' id='word_1_181' title='bbox 303 2257 355 2322; x_wconf 91' lang='lat' dir='ltr'>die</span> <span class='ocrx_word' id='word_1_182' title='bbox 383 2257 573 2323; x_wconf 83' lang='lat' dir='ltr'>madefactis</span> <span class='ocrx_word' id='word_1_183' title='bbox 594 2255 736 2323; x_wconf 85' lang='lat' dir='ltr'>vinaceis</span> <span class='ocrx_word' id='word_1_184' title='bbox 758 2276 943 2340; x_wconf 87' lang='lat' dir='ltr'>rursusque</span> <span class='ocrx_word' id='word_1_185' title='bbox 957 2256 1047 2341; x_wconf 92' lang='lat' dir='ltr'>prelo</span> <span class='ocrx_word' id='word_1_186' title='bbox 1070 2253 1238 2330; x_wconf 85' lang='lat' dir='ltr'>subiectis3</span> 
     </span>
     <span class='ocr_line' id='line_1_21' title="bbox 121 2355 1240 2443; baseline -0.003 -21"><span class='ocrx_word' id='word_1_187' title='bbox 121 2359 267 2435; x_wconf 90' lang='lat' dir='ltr'>alterum,</span> <span class='ocrx_word' id='word_1_188' title='bbox 295 2358 454 2442; x_wconf 91' lang='lat' dir='ltr'>quomodo</span> <span class='ocrx_word' id='word_1_189' title='bbox 476 2355 596 2424; x_wconf 85' lang='lat' dir='ltr'>Graeci</span> <span class='ocrx_word' id='word_1_190' title='bbox 618 2358 814 2436; x_wconf 89' lang='lat' dir='ltr'>factitavere,</span> <span class='ocrx_word' id='word_1_191' title='bbox 842 2357 936 2422; x_wconf 89' lang='lat' dir='ltr'>tertia</span> <span class='ocrx_word' id='word_1_192' title='bbox 956 2367 1048 2443; x_wconf 85' lang='lat' dir='ltr'>perte</span> <span class='ocrx_word' id='word_1_193' title='bbox 1069 2355 1138 2422; x_wconf 89' lang='lat' dir='ltr'>cius</span> <span class='ocrx_word' id='word_1_194' title='bbox 1153 2355 1240 2439; x_wconf 92' lang='lat' dir='ltr'>quod</span> 
     </span>
     <span class='ocr_line' id='line_1_22' title="bbox 122 2456 1239 2546; baseline -0.002 -22"><span class='ocrx_word' id='word_1_195' title='bbox 122 2480 311 2546; x_wconf 87' lang='lat' dir='ltr'>expressum</span> <span class='ocrx_word' id='word_1_196' title='bbox 339 2460 381 2524; x_wconf 90' lang='lat' dir='ltr'>sit</span> <span class='ocrx_word' id='word_1_197' title='bbox 407 2460 518 2525; x_wconf 90' lang='lat' dir='ltr'>addita</span> <span class='ocrx_word' id='word_1_198' title='bbox 543 2481 647 2544; x_wconf 88' lang='lat' dir='ltr'>aquae</span> <span class='ocrx_word' id='word_1_199' title='bbox 674 2481 892 2546; x_wconf 85' lang='lat' dir='ltr'>expressoque</span> <span class='ocrx_word' id='word_1_200' title='bbox 914 2458 1046 2524; x_wconf 88' lang='lat' dir='ltr'>decocto</span> <span class='ocrx_word' id='word_1_201' title='bbox 1067 2458 1110 2522; x_wconf 91' lang='lat' dir='ltr'>ad</span> <span class='ocrx_word' id='word_1_202' title='bbox 1131 2456 1239 2522; x_wconf 88' lang='lat' dir='ltr'>tertias</span> 
     </span>
     <span class='ocr_line' id='line_1_23' title="bbox 121 2559 1284 2647; baseline -0.001 -24"><span class='ocrx_word' id='word_1_203' title='bbox 121 2559 225 2645; x_wconf 84' lang='lat' dir='ltr'>partis</span> <span class='ocrx_word' id='word_1_204' title='bbox 232 2585 242 2638; x_wconf 83' lang='lat'><em>3</em></span> <span class='ocrx_word' id='word_1_205' title='bbox 265 2560 394 2626; x_wconf 86' lang='lat' dir='ltr'>tertium</span> <span class='ocrx_word' id='word_1_206' title='bbox 417 2573 467 2629; x_wconf 90' lang='lat' dir='ltr'>est</span> <span class='ocrx_word' id='word_1_207' title='bbox 487 2560 631 2628; x_wconf 86' lang='lat' dir='ltr'>faecibus</span> <span class='ocrx_word' id='word_1_208' title='bbox 652 2560 719 2627; x_wconf 89' lang='lat' dir='ltr'>vini</span> <span class='ocrx_word' id='word_1_209' title='bbox 742 2582 941 2647; x_wconf 85' lang='lat' dir='ltr'>expressum,</span> <span class='ocrx_word' id='word_1_210' title='bbox 969 2560 1055 2645; x_wconf 86' lang='lat' dir='ltr'>quod</span> <span class='ocrx_word' id='word_1_211' title='bbox 1077 2559 1240 2625; x_wconf 84' lang='lat' dir='ltr'>faecatum</span> <span class='ocrx_word' id='word_1_212' title='bbox 1281 2616 1284 2623; x_wconf 92' lang='lat'><em>.</em></span> 
     </span>
     <span class='ocr_line' id='line_1_24' title="bbox 121 2659 1044 2750; baseline 0.001 -24"><span class='ocrx_word' id='word_1_213' title='bbox 121 2659 203 2728; x_wconf 86' lang='lat' dir='ltr'>Cato</span> <span class='ocrx_word' id='word_1_214' title='bbox 225 2663 371 2750; x_wconf 88' lang='lat' dir='ltr'>appellat.</span> <span class='ocrx_word' id='word_1_215' title='bbox 392 2661 480 2729; x_wconf 87' lang='lat' dir='ltr'>Nulli</span> <span class='ocrx_word' id='word_1_216' title='bbox 503 2686 544 2729; x_wconf 86' lang='lat' dir='ltr'>cx</span> <span class='ocrx_word' id='word_1_217' title='bbox 564 2663 615 2729; x_wconf 93' lang='lat' dir='ltr'>bis</span> <span class='ocrx_word' id='word_1_218' title='bbox 636 2663 709 2750; x_wconf 92' lang='lat' dir='ltr'>plus</span> <span class='ocrx_word' id='word_1_219' title='bbox 732 2685 829 2748; x_wconf 88' lang='lat' dir='ltr'>quam</span> <span class='ocrx_word' id='word_1_220' title='bbox 850 2685 933 2728; x_wconf 89' lang='lat' dir='ltr'>anno</span> <span class='ocrx_word' id='word_1_221' title='bbox 954 2684 1044 2728; x_wconf 87' lang='lat' dir='ltr'>usus.</span> 
     </span>
    </p>

    <p class='ocr_par' dir='ltr' id='par_1_4' title="bbox 118 2762 1284 3150">
     <span class='ocr_line' id='line_1_25' title="bbox 161 2762 1284 2853; baseline -0.004 -25"><span class='ocrx_word' id='word_1_222' title='bbox 161 2762 226 2828; x_wconf 87' lang='lat' dir='ltr'>XI.</span> <span class='ocrx_word' id='word_1_223' title='bbox 249 2766 299 2830; x_wconf 84' lang='lat'>13.</span> <span class='ocrx_word' id='word_1_224' title='bbox 327 2763 450 2831; x_wconf 91' lang='lat' dir='ltr'>Verum</span> <span class='ocrx_word' id='word_1_225' title='bbox 472 2765 557 2832; x_wconf 91' lang='lat' dir='ltr'>inter</span> <span class='ocrx_word' id='word_1_226' title='bbox 577 2766 657 2831; x_wconf 89' lang='lat' dir='ltr'>baec</span> <span class='ocrx_word' id='word_1_227' title='bbox 679 2765 765 2831; x_wconf 88' lang='lat' dir='ltr'>subit</span> <span class='ocrx_word' id='word_1_228' title='bbox 781 2776 932 2844; x_wconf 86' lang='lat' dir='ltr'>mentem,</span> <span class='ocrx_word' id='word_1_229' title='bbox 954 2787 1028 2831; x_wconf 90' lang='lat' dir='ltr'>oum</span> <span class='ocrx_word' id='word_1_230' title='bbox 1042 2764 1107 2830; x_wconf 83' lang='lat' dir='ltr'>sint</span> <span class='ocrx_word' id='word_1_231' title='bbox 1120 2785 1240 2853; x_wconf 85' lang='lat' dir='ltr'>genera</span> <span class='ocrx_word' id='word_1_232' title='bbox 1252 2775 1284 2824; x_wconf 73' lang='lat' dir='ltr'>st</span> 
     </span>
     <span class='ocr_line' id='line_1_26' title="bbox 118 2862 1240 2952; baseline 0.002 -24"><span class='ocrx_word' id='word_1_233' title='bbox 118 2863 240 2929; x_wconf 86' lang='lat' dir='ltr'>nobilia</span> <span class='ocrx_word' id='word_1_234' title='bbox 264 2887 347 2948; x_wconf 90' lang='lat' dir='ltr'>quae</span> <span class='ocrx_word' id='word_1_235' title='bbox 372 2865 502 2951; x_wconf 89' lang='lat' dir='ltr'>proprie</span> <span class='ocrx_word' id='word_1_236' title='bbox 523 2865 590 2931; x_wconf 86' lang='lat' dir='ltr'>vini</span> <span class='ocrx_word' id='word_1_237' title='bbox 611 2865 753 2952; x_wconf 83' lang='lat' dir='ltr'>intellegi</span> <span class='ocrx_word' id='word_1_238' title='bbox 774 2866 897 2950; x_wconf 87' lang='lat' dir='ltr'>possint</span> <span class='ocrx_word' id='word_1_239' title='bbox 916 2862 1008 2930; x_wconf 65' lang='lat' dir='ltr'>cxxx</span> <span class='ocrx_word' id='word_1_240' title='bbox 1028 2867 1095 2930; x_wconf 86' lang='lat' dir='ltr'>fere</span> <span class='ocrx_word' id='word_1_241' title='bbox 1115 2865 1151 2930; x_wconf 90' lang='lat' dir='ltr'>in</span> <span class='ocrx_word' id='word_1_242' title='bbox 1172 2875 1240 2930; x_wconf 88' lang='lat' dir='ltr'>toto</span> 
     </span>
     <span class='ocr_line' id='line_1_27' title="bbox 119 2963 1238 3054; baseline 0.003 -25"><span class='ocrx_word' id='word_1_243' title='bbox 119 2963 207 3042; x_wconf 89' lang='lat' dir='ltr'>orbe,</span> <span class='ocrx_word' id='word_1_244' title='bbox 239 2963 321 3028; x_wconf 88' lang='lat' dir='ltr'>duas</span> <span class='ocrx_word' id='word_1_245' title='bbox 347 2965 448 3050; x_wconf 88' lang='lat' dir='ltr'>partis</span> <span class='ocrx_word' id='word_1_246' title='bbox 473 2986 515 3028; x_wconf 86' lang='lat' dir='ltr'>ex</span> <span class='ocrx_word' id='word_1_247' title='bbox 543 2964 605 3029; x_wconf 89' lang='lat' dir='ltr'>hoo</span> <span class='ocrx_word' id='word_1_248' title='bbox 629 2985 765 3029; x_wconf 89' lang='lat' dir='ltr'>numero</span> <span class='ocrx_word' id='word_1_249' title='bbox 790 2964 902 3030; x_wconf 90' lang='lat' dir='ltr'>Italiae</span> <span class='ocrx_word' id='word_1_250' title='bbox 928 2987 1009 3042; x_wconf 86' lang='lat' dir='ltr'>esse,</span> <span class='ocrx_word' id='word_1_251' title='bbox 1042 2964 1137 3054; x_wconf 86' lang='lat' dir='ltr'>longe</span> <span class='ocrx_word' id='word_1_252' title='bbox 1161 2988 1238 3052; x_wconf 91' lang='lat' dir='ltr'>pro·</span> 
     </span>
     <span class='ocr_line' id='line_1_28' title="bbox 120 3064 1237 3150; baseline 0.001 -22"><span class='ocrx_word' id='word_1_253' title='bbox 120 3073 232 3150; x_wconf 88' lang='lat' dir='ltr'>pterea</span> <span class='ocrx_word' id='word_1_254' title='bbox 253 3074 327 3129; x_wconf 90' lang='lat' dir='ltr'>ante</span> <span class='ocrx_word' id='word_1_255' title='bbox 350 3074 481 3129; x_wconf 87' lang='lat' dir='ltr'>cunctas</span> <span class='ocrx_word' id='word_1_256' title='bbox 503 3072 622 3140; x_wconf 86' lang='lat' dir='ltr'>terras3</span> <span class='ocrx_word' id='word_1_257' title='bbox 656 3074 689 3129; x_wconf 91' lang='lat' dir='ltr'>et</span> <span class='ocrx_word' id='word_1_258' title='bbox 707 3064 789 3128; x_wconf 83' lang='lat' dir='ltr'>&#39;hino</span> <span class='ocrx_word' id='word_1_259' title='bbox 815 3064 931 3129; x_wconf 88' lang='lat' dir='ltr'>deinde</span> <span class='ocrx_word' id='word_1_260' title='bbox 954 3065 1049 3129; x_wconf 91' lang='lat' dir='ltr'>altius</span> <span class='ocrx_word' id='word_1_261' title='bbox 1071 3087 1148 3129; x_wconf 90' lang='lat' dir='ltr'>cura</span> <span class='ocrx_word' id='word_1_262' title='bbox 1170 3088 1237 3130; x_wconf 91' lang='lat' dir='ltr'>ser-</span> 
     </span>
    </p>
   </div>
   <div class='ocr_carea' id='block_1_3' title="bbox 118 3233 1246 3667">
    <p class='ocr_par' dir='ltr' id='par_1_5' title="bbox 118 3233 1246 3667">
     <span class='ocr_line' id='line_1_29' title="bbox 119 3233 1237 3302; baseline -0.004 -16"><span class='ocrx_word' id='word_1_263' title='bbox 119 3237 157 3286; x_wconf 88' lang='lat' dir='ltr'>tit.</span> <span class='ocrx_word' id='word_1_264' title='bbox 180 3235 238 3286; x_wconf 85' lang='lat' dir='ltr'>Huc</span> <span class='ocrx_word' id='word_1_265' title='bbox 254 3237 366 3299; x_wconf 82' lang='lat' dir='ltr'>accedit,</span> <span class='ocrx_word' id='word_1_266' title='bbox 382 3241 450 3302; x_wconf 88' lang='lat' dir='ltr'>quod</span> <span class='ocrx_word' id='word_1_267' title='bbox 466 3233 489 3300; x_wconf 80' lang='grc' dir='ltr'><em>β</em></span> <span class='ocrx_word' id='word_1_268' title='bbox 505 3239 583 3289; x_wconf 88' lang='lat' dir='ltr'>habet</span> <span class='ocrx_word' id='word_1_269' title='bbox 599 3236 644 3286; x_wconf 76' lang='lat' dir='ltr'>aed</span> <span class='ocrx_word' id='word_1_270' title='bbox 657 3234 780 3300; x_wconf 81' lang='lat' dir='ltr'>adiiciant,</span> <span class='ocrx_word' id='word_1_271' title='bbox 797 3239 864 3288; x_wconf 85' lang='lat' dir='ltr'>unde</span> <span class='ocrx_word' id='word_1_272' title='bbox 881 3237 999 3288; x_wconf 85' lang='lat' dir='ltr'>lacunam</span> <span class='ocrx_word' id='word_1_273' title='bbox 1011 3236 1051 3287; x_wconf 89' lang='lat' dir='ltr'>his</span> <span class='ocrx_word' id='word_1_274' title='bbox 1063 3236 1144 3286; x_wconf 86' lang='lat' dir='ltr'>verbis</span> <span class='ocrx_word' id='word_1_275' title='bbox 1156 3236 1237 3287; x_wconf 83' lang='lat' dir='ltr'>inesse</span> 
     </span>
     <span class='ocr_line' id='line_1_30' title="bbox 118 3307 1246 3370; baseline 0.004 -16"><span class='ocrx_word' id='word_1_276' title='bbox 118 3318 199 3369; x_wconf 84' lang='lat' dir='ltr'>pecus</span> <span class='ocrx_word' id='word_1_277' title='bbox 211 3312 308 3355; x_wconf 90' lang='lat' dir='ltr'>certum</span> <span class='ocrx_word' id='word_1_278' title='bbox 318 3307 355 3356; x_wconf 90' lang='lat' dir='ltr'>fit.</span> <span class='ocrx_word' id='word_1_279' title='bbox 373 3346 405 3356; x_wconf 86' lang='lat'>..</span> <span class='ocrx_word' id='word_1_280' title='bbox 420 3313 525 3370; x_wconf 81' lang='lat' dir='ltr'>paetum,</span> <span class='ocrx_word' id='word_1_281' title='bbox 537 3308 582 3356; x_wconf 82' lang='lat' dir='ltr'>ad.</span> <span class='ocrx_word' id='word_1_282' title='bbox 1243 3360 1246 3365; x_wconf 73' lang='grc'>,</span> 
     </span>
     <span class='ocr_line' id='line_1_31' title="bbox 152 3366 1236 3440; baseline -0.006 -16"><span class='ocrx_word' id='word_1_283' title='bbox 152 3371 167 3432; x_wconf 86' lang='lat'>§</span> <span class='ocrx_word' id='word_1_284' title='bbox 181 3379 221 3424; x_wconf 79' lang='lat'>8³.</span> <span class='ocrx_word' id='word_1_285' title='bbox 240 3372 319 3423; x_wconf 80' lang='lat' dir='ltr'>vinam</span> <span class='ocrx_word' id='word_1_286' title='bbox 331 3381 372 3434; x_wconf 78' lang='lat' dir='ltr'>est,</span> <span class='ocrx_word' id='word_1_287' title='bbox 384 3374 433 3424; x_wconf 88' lang='lat' dir='ltr'>Kr.</span> <span class='ocrx_word' id='word_1_288' title='bbox 453 3415 484 3424; x_wconf 85' lang='lat'><em>-</em></span> <span class='ocrx_word' id='word_1_289' title='bbox 502 3372 627 3440; x_wconf 70' lang='lat' dir='ltr'>aiqleaooa,</span> <span class='ocrx_word' id='word_1_290' title='bbox 640 3373 695 3425; x_wconf 76' lang='lat' dir='ltr'>ST.</span> <span class='ocrx_word' id='word_1_291' title='bbox 718 3371 835 3439; x_wconf 60' lang='lat' dir='ltr'>wkuooa,</span> <span class='ocrx_word' id='word_1_292' title='bbox 847 3373 893 3424; x_wconf 88' lang='lat' dir='ltr'>ad.</span> <span class='ocrx_word' id='word_1_293' title='bbox 916 3371 1040 3436; x_wconf 73' lang='lat' dir='ltr'>oiyleuees,</span> <span class='ocrx_word' id='word_1_294' title='bbox 1051 3366 1081 3433; x_wconf 81' lang='grc' dir='ltr'>β.</span> <span class='ocrx_word' id='word_1_295' title='bbox 1099 3412 1140 3440; x_wconf 22' lang='grc' dir='ltr'>,Ι</span> <span class='ocrx_word' id='word_1_296' title='bbox 1154 3370 1236 3419; x_wconf 66' lang='lat' dir='ltr'>etram-</span> 
     </span>
     <span class='ocr_line' id='line_1_32' title="bbox 118 3438 1236 3557; baseline -0.002 -67"><span class='ocrx_word' id='word_1_297' title='bbox 118 3454 186 3554; x_wconf 56' lang='lat' dir='ltr'>m,</span> <span class='ocrx_word' id='word_1_298' title='bbox 198 3456 227 3556; x_wconf 41' lang='lat' dir='ltr'>rt·</span> <span class='ocrx_word' id='word_1_299' title='bbox 239 3439 357 3557; x_wconf 39' lang='lat' dir='ltr'>Ymdglee</span> <span class='ocrx_word' id='word_1_300' title='bbox 368 3450 444 3503; x_wconf 81' lang='lat' dir='ltr'>vocat,</span> <span class='ocrx_word' id='word_1_301' title='bbox 456 3446 480 3493; x_wconf 90' lang='lat' dir='ltr'>d.</span> <span class='ocrx_word' id='word_1_302' title='bbox 499 3483 530 3492; x_wconf 85' lang='lat'><em>-</em></span> <span class='ocrx_word' id='word_1_303' title='bbox 555 3440 677 3504; x_wconf 82' lang='lat' dir='ltr'>Vocontia,</span> <span class='ocrx_word' id='word_1_304' title='bbox 690 3444 753 3493; x_wconf 85' lang='lat' dir='ltr'>adr.</span> <span class='ocrx_word' id='word_1_305' title='bbox 772 3482 804 3491; x_wconf 86' lang='lat'>..</span> <span class='ocrx_word' id='word_1_306' title='bbox 822 3449 983 3504; x_wconf 72' lang='lat' dir='ltr'>accersantur,</span> <span class='ocrx_word' id='word_1_307' title='bbox 995 3457 1019 3491; x_wconf 90' lang='lat' dir='ltr'>a.</span> <span class='ocrx_word' id='word_1_308' title='bbox 1037 3481 1070 3490; x_wconf 87' lang='grc'>-</span> <span class='ocrx_word' id='word_1_309' title='bbox 1087 3438 1151 3502; x_wconf 81' lang='lat' dir='ltr'>viae,</span> <span class='ocrx_word' id='word_1_310' title='bbox 1162 3455 1186 3489; x_wconf 87' lang='lat' dir='ltr'>a.</span> <span class='ocrx_word' id='word_1_311' title='bbox 1204 3479 1236 3488; x_wconf 91' lang='grc'>..</span> 
     </span>
     <span class='ocr_line' id='line_1_33' title="bbox 152 3542 1237 3667; baseline 0.001 -28"><span class='ocrx_word' id='word_1_312' title='bbox 152 3592 167 3667; x_wconf 56' lang='grc' dir='ltr'>ᾗ</span> <span class='ocrx_word' id='word_1_313' title='bbox 180 3542 220 3639; x_wconf 72' lang='lat' dir='ltr'>dt.</span> <span class='ocrx_word' id='word_1_314' title='bbox 238 3545 416 3654; x_wconf 65' lang='lat' dir='ltr'>adbocatum,</span> <span class='ocrx_word' id='word_1_315' title='bbox 428 3596 452 3643; x_wconf 89' lang='lat' dir='ltr'>d.</span> <span class='ocrx_word' id='word_1_316' title='bbox 464 3633 496 3643; x_wconf 94' lang='grc'>...</span> <span class='ocrx_word' id='word_1_317' title='bbox 515 3591 666 3654; x_wconf 78' lang='lat' dir='ltr'>helvennaca,</span> <span class='ocrx_word' id='word_1_318' title='bbox 678 3595 703 3643; x_wconf 86' lang='lat' dir='ltr'>d.</span> <span class='ocrx_word' id='word_1_319' title='bbox 720 3591 862 3655; x_wconf 81' lang='lat' dir='ltr'>helveanieu,</span> <span class='ocrx_word' id='word_1_320' title='bbox 875 3608 899 3642; x_wconf 90' lang='lat' dir='ltr'>a.</span> <span class='ocrx_word' id='word_1_321' title='bbox 918 3591 1052 3654; x_wconf 75' lang='lat' dir='ltr'>helvenace,</span> <span class='ocrx_word' id='word_1_322' title='bbox 1064 3587 1115 3657; x_wconf 78' lang='grc' dir='ltr'>βγ.</span> <span class='ocrx_word' id='word_1_323' title='bbox 1133 3632 1165 3642; x_wconf 79' lang='grc'><strong>-</strong></span> <span class='ocrx_word' id='word_1_324' title='bbox 1184 3589 1237 3640; x_wconf 76' lang='lat' dir='ltr'>dia·</span> 
     </span>
    </p>
   </div>
   <div class='ocr_carea' id='block_1_4' title="bbox 117 3654 1236 3787">
    <p class='ocr_par' dir='ltr' id='par_1_6' title="bbox 117 3654 1236 3787">
     <span class='ocr_line' id='line_1_34' title="bbox 118 3654 1236 3773; baseline 0.002 -69"><span class='ocrx_word' id='word_1_325' title='bbox 118 3654 214 3773; x_wconf 53' lang='lat' dir='ltr'>captore,d</span> <span class='ocrx_word' id='word_1_326' title='bbox 217 3659 241 3707; x_wconf 90' lang='lat' dir='ltr'>d.</span> <span class='ocrx_word' id='word_1_327' title='bbox 260 3656 411 3722; x_wconf 74' lang='lat' dir='ltr'>dyacliatoa,</span> <span class='ocrx_word' id='word_1_328' title='bbox 424 3675 446 3709; x_wconf 87' lang='lat' dir='ltr'>a.</span> <span class='ocrx_word' id='word_1_329' title='bbox 465 3699 498 3709; x_wconf 86' lang='lat'>..</span> <span class='ocrx_word' id='word_1_330' title='bbox 516 3658 587 3723; x_wconf 79' lang='lat' dir='ltr'>clueo,</span> <span class='ocrx_word' id='word_1_331' title='bbox 599 3663 644 3710; x_wconf 85' lang='lat' dir='ltr'>ad.</span> <span class='ocrx_word' id='word_1_332' title='bbox 663 3658 751 3722; x_wconf 80' lang='lat' dir='ltr'>clauso,</span> <span class='ocrx_word' id='word_1_333' title='bbox 763 3655 813 3725; x_wconf 75' lang='grc' dir='ltr'>βγ.</span> <span class='ocrx_word' id='word_1_334' title='bbox 826 3700 858 3709; x_wconf 86' lang='grc'><strong>-</strong></span> <span class='ocrx_word' id='word_1_335' title='bbox 877 3656 913 3707; x_wconf 85' lang='lat' dir='ltr'>od</span> <span class='ocrx_word' id='word_1_336' title='bbox 923 3666 1019 3722; x_wconf 84' lang='lat' dir='ltr'>terram,</span> <span class='ocrx_word' id='word_1_337' title='bbox 1031 3662 1075 3710; x_wconf 89' lang='lat' dir='ltr'>ad.</span> <span class='ocrx_word' id='word_1_338' title='bbox 1088 3700 1120 3709; x_wconf 82' lang='lat'><em>-</em></span> <span class='ocrx_word' id='word_1_339' title='bbox 1138 3657 1174 3708; x_wconf 80' lang='lat' dir='ltr'>ito</span> <span class='ocrx_word' id='word_1_340' title='bbox 1186 3656 1236 3707; x_wconf 85' lang='lat' dir='ltr'>eul-</span> 
     </span>
     <span class='ocr_line' id='line_1_35' title="bbox 117 3739 223 3787; baseline 0.019 -15"><span class='ocrx_word' id='word_1_341' title='bbox 117 3739 148 3772; x_wconf 85' lang='lat' dir='ltr'>co</span> <span class='ocrx_word' id='word_1_342' title='bbox 159 3741 187 3787; x_wconf 82' lang='lat' dir='ltr'>rs,</span> <span class='ocrx_word' id='word_1_343' title='bbox 217 3761 223 3774; x_wconf 91' lang='lat'><strong><em>.</em></strong></span> 
     </span>
    </p>
   </div>
   <div class='ocr_carea' id='block_1_5' title="bbox 117 3806 1235 4229">
    <p class='ocr_par' dir='ltr' id='par_1_7' title="bbox 117 3806 1235 3995">
     <span class='ocr_line' id='line_1_36' title="bbox 152 3806 1235 3876; baseline 0.003 -17"><span class='ocrx_word' id='word_1_344' title='bbox 152 3806 223 3872; x_wconf 60' lang='lat' dir='ltr'>§85ss</span> <span class='ocrx_word' id='word_1_345' title='bbox 237 3806 497 3873; x_wconf 79' lang='lat' dir='ltr'>Duloiqaepenere,a.</span> <span class='ocrx_word' id='word_1_346' title='bbox 522 3809 739 3876; x_wconf 71' lang='lat' dir='ltr'>Dulciyenere,d.</span> <span class='ocrx_word' id='word_1_347' title='bbox 762 3849 794 3860; x_wconf 74' lang='grc'>.-</span> <span class='ocrx_word' id='word_1_348' title='bbox 820 3808 992 3872; x_wconf 61' lang='lat' dir='ltr'>metantem.</span> <span class='ocrx_word' id='word_1_349' title='bbox 1018 3807 1144 3871; x_wconf 74' lang='lat' dir='ltr'>melitides,</span> <span class='ocrx_word' id='word_1_350' title='bbox 1157 3811 1180 3861; x_wconf 87' lang='lat' dir='ltr'>d.</span> <span class='ocrx_word' id='word_1_351' title='bbox 1205 3851 1235 3861; x_wconf 89' lang='grc'>..</span> 
     </span>
     <span class='ocr_line' id='line_1_37' title="bbox 117 3874 1235 3995; baseline 0.003 -70"><span class='ocrx_word' id='word_1_352' title='bbox 117 3874 489 3995; x_wconf 47' lang='grc' dir='ltr'>Ξειιεοαιξιῤ,ηο.ᾳαία;ν.1)ἰοεοον.</span> <span class='ocrx_word' id='word_1_353' title='bbox 503 3883 531 3940; x_wconf 86' lang='grc'>5,</span> <span class='ocrx_word' id='word_1_354' title='bbox 545 3884 584 3928; x_wconf 88' lang='grc'>15.</span> <span class='ocrx_word' id='word_1_355' title='bbox 608 3919 639 3928; x_wconf 92' lang='grc'>..</span> <span class='ocrx_word' id='word_1_356' title='bbox 666 3875 748 3940; x_wconf 83' lang='lat' dir='ltr'>musti,</span> <span class='ocrx_word' id='word_1_357' title='bbox 762 3893 812 3928; x_wconf 91' lang='lat' dir='ltr'>om.</span> <span class='ocrx_word' id='word_1_358' title='bbox 824 3879 855 3928; x_wconf 88' lang='lat' dir='ltr'>T.</span> <span class='ocrx_word' id='word_1_359' title='bbox 878 3919 910 3929; x_wconf 85' lang='lat'>..</span> <span class='ocrx_word' id='word_1_360' title='bbox 934 3876 1016 3943; x_wconf 79' lang='lat' dir='ltr'>potui,</span> <span class='ocrx_word' id='word_1_361' title='bbox 1035 3879 1058 3928; x_wconf 92' lang='lat' dir='ltr'>d.</span> <span class='ocrx_word' id='word_1_362' title='bbox 1086 3878 1179 3929; x_wconf 77' lang='lat' dir='ltr'>Ome.</span> <span class='ocrx_word' id='word_1_363' title='bbox 1204 3919 1235 3928; x_wconf 85' lang='lat'>..</span> 
     </span>
    </p>

    <p class='ocr_par' dir='ltr' id='par_1_8' title="bbox 117 3983 1235 4229">
     <span class='ocr_line' id='line_1_38' title="bbox 151 3983 1235 4094; baseline 0.003 -16"><span class='ocrx_word' id='word_1_364' title='bbox 151 3983 221 4087; x_wconf 67' lang='lat' dir='ltr'>§ab</span> <span class='ocrx_word' id='word_1_365' title='bbox 239 4026 364 4092; x_wconf 59' lang='lat' dir='ltr'>decrerim</span> <span class='ocrx_word' id='word_1_366' title='bbox 376 4030 409 4080; x_wconf 90' lang='grc' dir='ltr'>Κ.</span> <span class='ocrx_word' id='word_1_367' title='bbox 421 4069 453 4080; x_wconf 85' lang='lat'>..</span> <span class='ocrx_word' id='word_1_368' title='bbox 475 4024 741 4079; x_wconf 68' lang='lat' dir='ltr'>canceraremur.</span> <span class='ocrx_word' id='word_1_369' title='bbox 758 4068 790 4080; x_wconf 83' lang='lat'>..</span> <span class='ocrx_word' id='word_1_370' title='bbox 808 4026 900 4079; x_wconf 79' lang='lat' dir='ltr'>decima</span> <span class='ocrx_word' id='word_1_371' title='bbox 908 4037 980 4094; x_wconf 81' lang='lat' dir='ltr'>porte</span> <span class='ocrx_word' id='word_1_372' title='bbox 991 4027 1076 4079; x_wconf 76' lang='lat' dir='ltr'>addita</span> <span class='ocrx_word' id='word_1_373' title='bbox 1087 4045 1137 4081; x_wconf 91' lang='lat' dir='ltr'>om.</span> <span class='ocrx_word' id='word_1_374' title='bbox 1149 4046 1235 4093; x_wconf 76' lang='lat' dir='ltr'>oquae,</span> 
     </span>
     <span class='ocr_line' id='line_1_39' title="bbox 118 4092 1234 4163; baseline 0.004 -21"><span class='ocrx_word' id='word_1_375' title='bbox 118 4094 150 4143; x_wconf 84' lang='grc' dir='ltr'>Τ.</span> <span class='ocrx_word' id='word_1_376' title='bbox 169 4092 272 4143; x_wconf 54' lang='lat' dir='ltr'>mamae</span> <span class='ocrx_word' id='word_1_377' title='bbox 279 4096 350 4159; x_wconf 80' lang='lat' dir='ltr'>parti</span> <span class='ocrx_word' id='word_1_378' title='bbox 359 4097 431 4146; x_wconf 77' lang='lat' dir='ltr'>marti</span> <span class='ocrx_word' id='word_1_379' title='bbox 440 4095 503 4160; x_wconf 83' lang='lat' dir='ltr'>quod</span> <span class='ocrx_word' id='word_1_380' title='bbox 514 4112 648 4160; x_wconf 76' lang='lat' dir='ltr'>caprearum</span> <span class='ocrx_word' id='word_1_381' title='bbox 659 4093 691 4145; x_wconf 83' lang='lat' dir='ltr'>ait</span> <span class='ocrx_word' id='word_1_382' title='bbox 698 4096 759 4160; x_wconf 81' lang='lat' dir='ltr'>pari</span> <span class='ocrx_word' id='word_1_383' title='bbox 768 4113 833 4159; x_wconf 84' lang='lat' dir='ltr'>aqua</span> <span class='ocrx_word' id='word_1_384' title='bbox 844 4096 931 4147; x_wconf 80' lang='lat' dir='ltr'>addita</span> <span class='ocrx_word' id='word_1_385' title='bbox 942 4097 1017 4160; x_wconf 81' lang='lat' dir='ltr'>etita,</span> <span class='ocrx_word' id='word_1_386' title='bbox 1029 4098 1119 4149; x_wconf 86' lang='lat' dir='ltr'>Dalee.</span> <span class='ocrx_word' id='word_1_387' title='bbox 1131 4138 1162 4152; x_wconf 80' lang='lat'>..</span> <span class='ocrx_word' id='word_1_388' title='bbox 1178 4114 1234 4163; x_wconf 86' lang='lat' dir='ltr'>peo-</span> 
     </span>
     <span class='ocr_line' id='line_1_40' title="bbox 117 4159 1149 4229; baseline 0.008 -20"><span class='ocrx_word' id='word_1_389' title='bbox 117 4169 204 4223; x_wconf 82' lang='lat' dir='ltr'>catum,</span> <span class='ocrx_word' id='word_1_390' title='bbox 215 4177 239 4211; x_wconf 91' lang='lat' dir='ltr'>a.</span> <span class='ocrx_word' id='word_1_391' title='bbox 257 4203 288 4212; x_wconf 87' lang='lat'><em>-</em></span> <span class='ocrx_word' id='word_1_392' title='bbox 310 4159 591 4216; x_wconf 79' lang='lat' dir='ltr'>Gatodererust.153.</span> <span class='ocrx_word' id='word_1_393' title='bbox 610 4204 642 4214; x_wconf 86' lang='lat'>..</span> <span class='ocrx_word' id='word_1_394' title='bbox 659 4162 766 4226; x_wconf 78' lang='lat' dir='ltr'>Nullum,</span> <span class='ocrx_word' id='word_1_395' title='bbox 778 4166 810 4216; x_wconf 88' lang='grc' dir='ltr'>Τ.</span> <span class='ocrx_word' id='word_1_396' title='bbox 828 4207 860 4217; x_wconf 87' lang='grc'>..</span> <span class='ocrx_word' id='word_1_397' title='bbox 878 4181 949 4229; x_wconf 83' lang='lat' dir='ltr'>anno,</span> <span class='ocrx_word' id='word_1_398' title='bbox 961 4182 984 4217; x_wconf 85' lang='lat' dir='ltr'>a.</span> <span class='ocrx_word' id='word_1_399' title='bbox 1003 4165 1083 4229; x_wconf 59' lang='lat' dir='ltr'>moad</span> <span class='ocrx_word' id='word_1_400' title='bbox 1096 4166 1149 4217; x_wconf 84' lang='lat' dir='ltr'>Td.</span> 
     </span>
    </p>
   </div>
   <div class='ocr_carea' id='block_1_6' title="bbox 152 4243 811 4314">
    <p class='ocr_par' dir='ltr' id='par_1_9' title="bbox 152 4243 811 4314">
     <span class='ocr_line' id='line_1_41' title="bbox 152 4243 811 4314; baseline 0.005 -18"><span class='ocrx_word' id='word_1_401' title='bbox 152 4244 167 4306; x_wconf 68' lang='grc'>5</span> <span class='ocrx_word' id='word_1_402' title='bbox 180 4249 219 4296; x_wconf 86' lang='grc'>87.</span> <span class='ocrx_word' id='word_1_403' title='bbox 238 4245 302 4309; x_wconf 80' lang='lat' dir='ltr'>vina,</span> <span class='ocrx_word' id='word_1_404' title='bbox 314 4263 334 4297; x_wconf 87' lang='lat' dir='ltr'>r.</span> <span class='ocrx_word' id='word_1_405' title='bbox 353 4289 383 4298; x_wconf 81' lang='grc'>-</span> <span class='ocrx_word' id='word_1_406' title='bbox 399 4257 534 4314; x_wconf 74' lang='lat' dir='ltr'>propterea,</span> <span class='ocrx_word' id='word_1_407' title='bbox 549 4243 622 4299; x_wconf 73' lang='lat' dir='ltr'>ead.</span> <span class='ocrx_word' id='word_1_408' title='bbox 637 4255 770 4314; x_wconf 70' lang='lat' dir='ltr'>praterea,</span> <span class='ocrx_word' id='word_1_409' title='bbox 782 4244 811 4311; x_wconf 80' lang='grc' dir='ltr'>β.</span> 
     </span>
    </p>
   </div>
   <div class='ocr_carea' id='block_1_7' title="bbox 0 0 1452 4800">
    <p class='ocr_par' dir='ltr' id='par_1_10' title="bbox 0 0 1452 4800">
     <span class='ocr_line' id='line_1_42' title="bbox 0 0 1452 4800; baseline 0 0"><span class='ocrx_word' id='word_1_410' title='bbox 0 0 1452 4800; x_wconf 95' lang='lat' dir='ltr'> </span> 
     </span>
    </p>
   </div>
  </div>
 </body>
</html>
