2896 4800
136 264 199 327 466
493 278 697 326 saranatis
719 278 924 331 ursaomnn

136 432 290 498 remissae
312 451 411 496 novos
435 431 517 495 soles
539 431 683 514 ahosque
705 453 801 515 quam
817 431 933 515 quibus
947 431 1056 496 vixere
1071 432 1167 498 avide
1182 445 1267 500 tam·

137 557 233 620 quam
253 533 370 599 iterum
391 542 487 597 natae
508 533 669 618 accipiunt
691 544 723 598 et
745 555 818 596 cum
839 533 1037 599 venientium
1058 533 1138 598 flore
1157 547 1266 602 matu-

136 646 276 713 rescunt,
298 635 402 700 alieno
423 655 596 720 praecoces
618 657 712 711 anno,
735 635 768 698 in
792 645 895 699 tractu
917 635 968 699 vel
989 635 1201 721 gelidissimo.

179 738 231 802 20.
265 733 333 802 Sed
360 758 380 801 a
404 735 526 800 Catone
556 735 716 823 appellata
741 735 806 800 iam
835 746 904 800 tum
930 735 1085 801 Africana
1111 738 1268 805 admonet
1281 757 1309 803 tr

140 850 172 906 et
193 839 337 917 Africae,
368 837 410 901 ad
435 837 550 924 ingens
572 838 798 903 documentum
824 861 883 903 uso
911 860 951 903 eo
976 861 1090 924 pom03
1122 861 1266 925 namque

135 939 303 1029 perniciah
329 939 403 1005 odio
430 935 638 1026 Carthaginis
664 939 805 1027 flagrans
834 950 1052 1025 nepotumque
1081 941 1267 1007 securitatis

137 1043 263 1121 anxius,
291 1064 367 1107 cum
395 1041 547 1106 clamaret
574 1041 661 1106 omni
688 1052 802 1106 senatu
825 1039 1055 1130 Carthaginem
1081 1040 1266 1121 delendam,

137 1145 246 1210 attulit
266 1142 408 1228 quodam
425 1143 477 1208 die
491 1144 525 1208 in
541 1143 662 1208 curiam
675 1164 863 1229 praecocem
878 1166 919 1208 ex
934 1164 972 1207 ea
986 1142 1155 1227 provincia
1167 1144 1266 1210 ficum

137 1244 376 1330 ostendensque
390 1244 547 1332 patribus,
572 1246 757 1333 „interrogo
771 1246 864 1323 vos’',
885 1243 1000 1327 inquit,
1015 1245 1167 1328 „quando
1181 1246 1266 1310 hanc

137 1368 269 1434 pomum
291 1347 453 1433 demptam
474 1342 596 1433 'putetis
619 1369 659 1412 ex
681 1346 845 1412 arborei”
874 1343 960 1410 Cum
979 1344 1064 1410 inter
1084 1347 1189 1412 omnis
1212 1369 1265 1411 re·
1280 1362 1309 1409 rs

138 1459 263 1514 centem
277 1470 349 1514 esse
364 1459 535 1526 constaret,
548 1449 660 1531 „atqui
674 1448 839 1526 tertium'',
851 1446 966 1531 inquit,
985 1457 1082 1526 „ante
1097 1447 1185 1513 diem
1200 1449 1265 1514 sci-

138 1560 205 1615 tote
228 1549 414 1636 decerptam
429 1546 638 1638 Carthagine,
661 1560 726 1613 tam
747 1571 849 1635 prope
871 1571 891 1612 a
911 1547 1011 1613 muris
1032 1548 1190 1614 habemus
1204 1548 1265 1615 ho-

138 1653 257 1725 stem'’;
282 1651 454 1734 statimque
476 1659 640 1735 sumptum
661 1659 712 1714 est
725 1649 887 1714 Punicum
908 1650 1038 1714 tertium
1057 1650 1178 1716 bellum
1199 1673 1266 1736 quo

139 1750 304 1839 Carthago
326 1752 431 1819 deleta
452 1761 511 1830 est,
534 1771 729 1836 quamquam
744 1747 869 1816 Catone
891 1773 975 1815 anno
991 1761 1145 1836 sequente
1160 1763 1264 1839 rapto.

138 1852 229 1937 Quid
251 1854 390 1941 primum
409 1855 444 1919 in
466 1875 505 1919 eo
526 1852 692 1930 miremur,
720 1874 831 1919 curam
856 1852 967 1939 ingeni
994 1876 1036 1918 an
1062 1854 1265 1920 occasionem

172 2028 329 2092 vernantium,
340 2031 408 2081 Pint.

172 2115 242 2178 §it
263 2113 389 2180 Africam,
406 2117 451 2165 ad.
469 2155 501 2164 ..
520 2112 683 2175 admonemur,
701 2113 791 2163 Ambr.
807 2113 843 2163 11.
861 2155 893 2164 -
916 2113 965 2176 usi,
983 2115 1079 2166 suaa.
1106 2129 1178 2174 usae,
1195 2114 1265 2165 Pint

138 2182 307 2232 Scribcndum
323 2191 360 2234 est
377 2197 410 2232 ex
428 2183 543 2232 omnium
555 2183 628 2232 codd.
641 2182 754 2244 vestigiis
770 2188 793 2229 et
803 2180 904 2245 Africae
922 2189 948 2232 et
964 2180 999 2230 ad
1012 2181 1062 2246 inq.
1074 2179 1167 2231 masau.
1180 2181 1228 2230 usa'
1238 2197 1267 2230 eo

134 2265 215 2313 pomo,
231 2256 262 2300 ut
276 2251 342 2301 Plin.
360 2252 427 2301 dicat
443 2251 520 2300 ficum
537 2250 688 2300 Africanam
704 2264 720 2298 a
737 2249 836 2300 Catane
848 2257 1075 2300 commemoratam
1086 2250 1227 2300 admonere
1239 2257 1266 2300 et

139 2326 220 2368 terrae
236 2319 312 2380 illius,
330 2319 401 2368 caius
417 2333 522 2383 pomum
539 2324 667 2368 narratum
683 2317 723 2378 sit,
742 2325 768 2366 ct
778 2317 847 2368 illins
863 2318 982 2380 hominis,
998 2318 1042 2383 qui
1056 2332 1163 2383 pomum
1178 2333 1266 2368 narra-

138 2387 210 2435 ven't.
228 2427 260 2436 ..
275 2383 408 2450 permitiali,
425 2401 448 2435 a.
468 2426 500 2434 -
518 2384 593 2433 omnis
609 2391 712 2446 senatus,
729 2401 749 2433 r.
769 2425 800 2433 ..
818 2383 906 2448 inquit3
923 2400 970 2449 pro
986 2386 1013 2435 h.
1029 2400 1054 2434 v.
1069 2385 1168 2435 habent
1185 2383 1266 2433 innuas

138 2454 182 2503 ad.
201 2494 232 2504 ..
252 2452 420 2518 quamdudum,
431 2454 464 2505 K.
482 2450 603 2517 quamdiu,
615 2453 682 2502 Pint.
701 2492 733 2502 ..
751 2449 1090 2517 lancetdemptam,STad.
1107 2451 1189 2503 tacet
1200 2450 1265 2501 dem·

136 2528 214 2583 ptum,
226 2523 316 2572 Ambr.
328 2521 350 2571 1.
362 2520 398 2571 11.
409 2516 439 2582 β.

174 2605 189 2666 ξ
203 2606 242 2654 75.
261 2621 349 2665 recens,
361 2621 374 2654 r
385 2602 488 2666 (Ambr.
500 2604 522 2653 1.
534 2602 583 2667 11.)
603 2645 634 2653 -
652 2602 736 2668 inquit,
754 2619 804 2654 om.
817 2603 908 2655 Ambr.
920 2604 941 2654 1.
961 2644 993 2653 ..
1011 2601 1153 2667 decerptam,
1165 2603 1264 2656 STad.

140 2668 282 2734 decerptum,
293 2672 385 2722 Ambr.
398 2671 419 2720 1.
431 2671 467 2721 11.
478 2666 508 2732 β.
526 2711 558 2720 ..
577 2687 594 2719 α
605 2671 686 2733 muris,
698 2671 790 2721 Ambr.
802 2671 838 2722 11.
856 2688 874 2720 a
885 2670 977 2733 moeris,
989 2674 1013 2721 d.
1031 2671 1125 2734 moenis,
1136 2673 1185 2722 Dl.
1203 2688 1266 2722 mce-

140 2735 195 2796 m'is,
205 2737 273 2787 D²a
298 2738 383 2799 Quam
398 2739 536 2788 lectionem
551 2746 580 2787 ut
594 2739 786 2802 praeferremus,
802 2754 903 2790 movere
915 2755 963 2789 nos
974 2754 1028 2789 non
1039 2741 1122 2804 potuit
1132 2741 1266 2805 inscriptio

143 2803 244 2853 Gruteri
256 2819 282 2869 p.
294 2809 353 2867 408,
367 2812 390 2868 l,
402 2811 443 2856 34.
461 2821 511 2867 nos,
523 2822 535 2854 r
547 2801 649 2867 (Ambr.
661 2802 697 2868 1.)
714 2847 746 2856 ..
765 2813 896 2869 sequentem
911 2814 975 2870 apto,
992 2808 1016 2856 d.
1036 2848 1067 2856 ..
1090 2822 1171 2856 curam
1187 2805 1269 2872 qeruli

141 2869 327 2936 celeritatemque
342 2888 426 2922 cursus
442 2889 475 2922 an
492 2889 538 2924 occ.
557 2874 621 2937 sart.
638 2889 670 2923 an
686 2872 772 2925 uelem,
788 2874 863 2937 urar,
875 2875 943 2926 Pint.
968 2873 1153 2938 celeritatemque
1163 2873 1266 2936 consilii,

141 2938 247 2991 Gesner.
260 2942 396 2991 chrestum.
408 2957 434 3006 p.
447 2946 504 2991 516.

174 3027 243 3089 §ta
261 3023 348 3092 Super,
364 3018 487 3078 esraa.
510 3025 602 3089 Sapra,
613 3021 643 3088 β.
662 3067 693 3076 ,.
712 3034 754 3088 est,
775 3018 901 3079 osana.
923 3025 1038 3091 quiddam
1049 3022 1133 3089 estss.
1158 3028 1265 3079 Utrum-

140 3107 189 3157 que
201 3108 253 3143 om.
264 3109 284 3143 r.
304 3136 336 3145 ..
353 3093 424 3158 quad,
435 3095 527 3145 Ambr.
538 3094 560 3143 1.
572 3093 608 3143 Π.
627 3135 658 3144 ..
679 3097 792 3156 tamari.
811 3136 842 3145 ..
861 3093 891 3144 de
904 3103 1029 3156 terrarum,
1042 3096 1065 3145 d.
1088 3103 1228 3158 ceterarum,
1240 3111 1266 3146 a.

140 3200 173 3210 ..
194 3159 306 3224 CCXX,
324 3164 348 3212 d.
368 3204 400 3213 ..
418 3163 484 3212 urhis
499 3159 630 3222 aemulam,
646 3163 680 3212 Κ.
698 3202 730 3211 ..
753 3162 850 3225 Trehiq,
866 3180 890 3213 a.
909 3204 940 3213 -
964 3179 1010 3211 non
1030 3159 1139 3224 Gannac,
1157 3165 1181 3213 d.
1209 3179 1266 3212 num

142 3223 247 3291 Cannae,
259 3245 282 3279 a.
301 3270 333 3280 ..
351 3230 462 3295 unques,
475 3244 525 3280 om.
539 3231 563 3281 d.
581 3229 613 3279 In
624 3245 640 3280 a
652 3230 762 3294 spatium
773 3244 883 3281 vacuum
892 3232 968 3281 trium
977 3232 1123 3281 litterarum.
1143 3230 1267 3282 Ceteram

138 3297 167 3345 in
177 3297 223 3348 his
230 3312 270 3347 rr.
281 3297 363 3348 latent
374 3298 498 3361 reliquiae
514 3297 612 3361 antiqui
624 3297 731 3348 ahcuius
747 3305 845 3362 poetae,
862 3297 972 3349 fortasse
983 3299 1068 3359 Ennii,
1086 3298 1173 3348 leviter
1183 3301 1265 3348 modo

139 3364 247 3425 velatae,
265 3381 323 3415 cum
335 3367 408 3417 nulla
418 3366 471 3416 fers
480 3366 622 3415 mutatione
634 3365 685 3413 duo
697 3381 778 3429 paene
789 3365 881 3430 integri
893 3367 1036 3416 hexametri
1047 3367 1178 3430 prodeant:
1197 3364 1269 3426 quod

138 3446 186 3479 non
201 3430 289 3480 Trebia
304 3441 347 3481 aut
362 3432 521 3493 Trasimenus,
535 3428 544 3497 ll
557 3431 615 3483 Non
630 3429 727 3480 Caum
742 3432 845 3496 insiqnes
855 3433 963 3483 Romani
972 3433 1070 3482 namini'
1080 3433 1150 3481 tusa.
1168 3429 1264 3483 Sermo

139 3499 264 3563 poeticus,
282 3499 304 3549 si
316 3501 377 3564 qaid
387 3502 471 3562 video,
488 3501 543 3564 ipse
555 3515 581 3550 se
593 3501 689 3564 prodit3
707 3500 750 3549 cir.
762 3500 860 3551 Lucan.
873 3507 897 3563 2,
910 3506 951 3552 46.
973 3503 1071 3552 Eadem
1085 3500 1183 3550 ratione
1193 3501 1264 3551 Plin.

140 3573 164 3629 2,
184 3573 241 3618 112.
258 3569 335 3620 verba
351 3569 462 3633 Vergilii
479 3566 558 3631 (Aen.
577 3574 600 3628 8,
618 3565 689 3631 392.)
712 3576 815 3619 auctore
831 3584 886 3619 non
901 3569 1035 3620 nominato
1051 3569 1079 3619 in
1094 3584 1171 3619 asum
1187 3584 1264 3618 suum

138 3637 270 3686 convertit.
288 3677 319 3686 ..
342 3635 454 3699 admavit,
473 3639 489 3686 d
507 3633 657 3698 (AmbaH.
676 3637 748 3686 codd.
768 3634 838 3697 Gal.)
864 3635 993 3698 admonuit,
1010 3653 1033 3686 a.
1060 3634 1134 3697 adut,
1150 3652 1171 3686 r.
1197 3634 1268 3685 adiri

138 3705 234 3765 monuit,
246 3705 272 3755 Κ
284 3702 386 3768 (Ambr.
398 3703 434 3769 1.)
451 3705 486 3756 V.
499 3703 612 3756 Gronov.
625 3705 697 3754 dian.
710 3705 775 3756 stat.
788 3704 809 3754 Ι.
821 3721 847 3770 p.
860 3711 917 3755 404.
930 3708 969 3756 ed.
980 3705 1052 3769 Lipa.
1065 3712 1091 3755 et
1103 3706 1171 3755 obss
1183 3711 1208 3765 a,
1221 3709 1263 3755 sl.

172 3855 187 3916 ξ
201 3861 214 3910 7
219 3859 241 3907 7.
260 3856 296 3906 ad
306 3857 399 3908 comitio
411 3874 477 3908 rame
488 3865 554 3918 nato,
566 3859 668 3909 Thuan.
680 3873 720 3921 ap.
731 3857 839 3909 Salmas.
852 3873 934 3909 exerc.
946 3873 972 3922 p.
984 3853 1040 3910 ⁷99.
1049 3860 1073 3910 b.
1082 3859 1112 3908 F.
1132 3897 1165 3906 -
1182 3872 1263 3918 sama,

137 3926 254 3975 revocavi
263 3941 296 3976 ex
307 3921 336 3988 β,
350 3928 419 3990 quod
429 3928 514 3992 ipsum
525 3940 571 3989 per
582 3926 754 3975 coniecturam
766 3927 928 3977 restituerunt
936 3927 1038 3977 Mulier.
1047 3927 1081 3976 ad
1088 3927 1158 3976 Fest.
1170 3940 1195 3989 p.
1207 3930 1266 3976 las.

138 3999 165 4042 et
174 3993 282 4045 Becher.
295 4001 359 4046 antt.
371 3997 447 4046 Rom.
462 4001 485 4057 l,
498 3999 556 4046 29³.
579 4009 657 4055 sacro,
669 3995 706 4044 ad
718 3989 845 4058 (Thnan.)
859 4009 885 4060 γ.
907 3996 945 4046 At
962 4009 1027 4057 quae
1043 3993 1104 4042 hinc
1120 4000 1266 4055 sanantur,

137 4063 232 4110 nonde
242 4061 301 4112 foro
312 4070 337 4113 et
346 4065 456 4126 comitio,
467 4065 512 4115 sed
524 4065 555 4112 de
565 4062 615 4112 ficu
627 4061 751 4123 dicantar,
761 4065 830 4126 quod
839 4064 889 4112 iam
897 4064 960 4126 lupa
969 4068 1170 4111 commemorata
1181 4063 1266 4111 docet.

139 4168 171 4177 ..
181 4125 327 4193 saleardus,
339 4148 362 4182 a.
375 4173 408 4182 ..
425 4131 513 4194 nutris,
525 4130 550 4181 D
560 4145 577 4178 a
588 4127 716 4192 (Thaan.)
733 4129 880 4195 nutriasm't,
893 4127 965 4194 ἀβγ.
977 4170 1009 4179 -
1027 4128 1125 4192 imperii
1132 4129 1158 4177 a'n
1169 4126 1268 4192 Luper·

137 4191 188 4244 cali
194 4195 277 4258 prima
284 4200 391 4260 proterit
402 4199 511 4250 rumialh
522 4196 653 4262 appellata,
665 4199 690 4249 D
701 4201 734 4249 ad
742 4199 890 4262 marginem.
908 4195 1039 4262 appellata,
1050 4197 1121 4247 Dad
1132 4193 1266 4259 (Thana.)

136 4259 166 4326 β.
188 4262 289 4315 &muli
303 4265 429 4319 condituras
445 4284 475 4318 ac
490 4263 616 4317 ruminata
631 4262 762 4330 appellata,
779 4267 812 4317 Κ.
833 4263 960 4316 ruminalis
976 4263 1110 4330 appellata,
1126 4277 1152 4330 γ.
1176 4263 1267 4315 Prima
