2896 4800
200 252 265 316 400
550 267 753 315 nannenus
775 265 970 314 maronam

202 430 349 487 coactum
370 418 518 483 dividunt
538 417 573 483 in
593 419 747 505 pastillos.
770 418 856 485 Nem
878 416 1004 485 Caesar
1024 416 1202 484 claritatem
1216 418 1248 484 ei
1263 421 1323 485 de-

200 522 249 587 dit
270 521 360 586 initio
381 520 496 603 inperi,
524 521 687 586 nocturnis
713 517 968 608 grassationibus
988 519 1216 585 converberata
1238 521 1324 587 facie

198 623 337 688 inlinens
362 620 423 686 sibi
450 643 523 685 cnm
550 631 621 687 ture
649 644 787 706 ceraque
810 631 843 687 et
864 630 974 686 secuto
996 622 1049 687 die
1070 629 1181 686 contra
1201 622 1324 688 lamam

198 734 306 790 cutem
327 722 485 788 sinceram
507 723 741 789 circumferens.
776 722 891 810 Ignem
912 721 1026 787 ferulis
1047 732 1178 809 optume
1200 725 1323 790 servari

198 834 325 891 certum
346 834 395 889 est
417 845 536 908 easque
557 824 592 889 in
612 823 769 912 Aegypto
790 823 993 911 praecellere.

240 924 379 990 XXIII.
400 927 454 990 44.
475 924 529 989 Ibi
549 935 582 991 et
603 926 762 1012 capparis,
784 924 933 990 firmioris
953 924 1034 1013 ligni
1054 923 1162 989 frutex
1177 923 1322 990 seminis·
1338 942 1384 988 rar

197 1050 261 1112 que
283 1036 316 1092 et
337 1025 401 1091 cibi
422 1025 554 1114 volgati,
583 1029 673 1092 caule
703 1048 830 1112 quoque
859 1049 925 1091 una
945 1026 1135 1112 plerumque
1157 1024 1322 1111 decerpto.

200 1127 356 1196 Cavenda
377 1127 447 1193 eius
467 1150 589 1216 genera
609 1129 789 1215 peregrina,
812 1127 970 1210 siquidem
982 1125 1142 1192 Arabium
1155 1127 1321 1211 pestilens,

197 1230 347 1295 Africum
368 1228 508 1314 gingivis
529 1228 705 1309 inimicum,
732 1227 962 1293 Marmaricum
988 1227 1092 1293 volvis
1119 1238 1152 1293 et
1177 1226 1322 1293 omnium

198 1328 414 1395 inflationibus
420 1353 429 1406 3
465 1328 613 1416 Apulum
638 1331 776 1396 vomitus
803 1330 897 1407 facit,
931 1329 1129 1395 stomachum
1157 1337 1191 1393 et
1215 1328 1322 1393 alvom

197 1440 316 1497 movet.
339 1426 481 1510 Quidam
502 1430 538 1494 id
559 1432 757 1514 cynosbaton
778 1440 904 1509 vocant,
927 1430 982 1495 alii
1004 1428 1283 1515 ophiostaphylen.

240 1530 293 1594 45.
315 1528 498 1595 Frutectosi
521 1540 569 1595 est
590 1533 719 1619 generis
741 1542 774 1597 87
797 1532 925 1617 saripha
947 1531 1033 1597 circa
1046 1531 1156 1596 Nilum
1172 1551 1318 1608 nascens,
1335 1549 1384 1594 ras

199 1629 338 1694 duorum
363 1628 463 1694 ferme
490 1630 671 1697 cubitorum
699 1633 882 1710 altitudine,
915 1631 1060 1718 pollicari
1086 1631 1318 1709 crassitudine,

199 1753 291 1796 coma
310 1731 437 1817 papyri,
460 1731 619 1818 similique
640 1734 803 1799 manditur
824 1733 933 1810 m0d0;
956 1734 1065 1799 radice
1085 1732 1227 1798 ferrariis
1248 1731 1318 1796 offi-

198 1833 280 1899 cinis
301 1832 475 1920 praecipua
495 1834 642 1901 carbonis
663 1858 725 1900 usu
746 1845 876 1921 propter
896 1835 1058 1900 duritiam.

239 1933 373 2000 XXIV.
396 1935 448 1999 46.
470 1933 545 2001 Non
566 1937 779 2002 omittendum
801 1946 852 2002 est
872 1946 904 2001 et
919 1937 1006 2021 quod
1019 1935 1186 2021 Babylone
1201 1935 1319 2001 seritur
1333 1951 1383 1998 rra

197 2038 232 2103 in
253 2036 365 2123 spinis,
392 2036 541 2119 quoniam
562 2061 627 2102 non
648 2037 725 2104 alibi
746 2037 836 2115 vivit,
865 2037 948 2102 sicut
969 2047 1001 2102 et
1022 2037 1148 2103 viscum
1168 2038 1202 2101 in
1223 2036 1317 2102 arbo-

197 2139 304 2215 ribus3
328 2137 386 2203 sed
406 2136 486 2202 illud
506 2139 541 2203 in
562 2139 656 2225 spina
677 2150 802 2204 tantum
817 2160 899 2222 quae
913 2138 1005 2226 regia
1018 2136 1317 2214 vocatur..Mirum,

198 2240 285 2328 quod
306 2239 419 2305 eodem
441 2239 493 2304 die
514 2242 757 2328 germinetque
783 2240 937 2306 iniectum
966 2251 1033 2316 est;
1060 2240 1190 2306 inicitur
1210 2246 1318 2304 autem

197 2343 271 2430 ipso
293 2341 383 2407 canis
405 2351 478 2406 ortu
500 2352 534 2407 et
554 2343 718 2409 celerrime
740 2340 888 2407 arborem
910 2351 1056 2427 occupat.
1095 2339 1258 2408 Condiunt
1279 2363 1318 2405 eo

198 2444 309 2508 vinum
332 2453 364 2507 et
384 2442 459 2507 ideo
481 2454 599 2508 serunt.
623 2442 726 2530 Spina
746 2444 801 2509 illa
822 2442 965 2508 nascitur
985 2454 1018 2508 et
1031 2442 1174 2509 Athenis
1190 2443 1225 2508 in
1245 2443 1317 2508 lon-

197 2545 250 2632 gis
272 2543 382 2607 muris.
1272 2550 1275 2554 ’

240 2645 293 2708 47.
325 2643 449 2708 Frutex
471 2654 519 2709 est
541 2655 573 2710 et
593 2646 716 2730 cytisus
737 2645 779 2710 ab
798 2645 1024 2712 Aristomacho
1045 2645 1235 2711 Atheniensi
1254 2646 1316 2709 mi·
1333 2661 1382 2705 rao

197 2745 243 2809 ris
269 2744 418 2809 laudibus
446 2746 650 2831 praedicatus
676 2746 795 2834 pabulo
823 2747 947 2826 ovium,
979 2747 1088 2813 aridus
1117 2770 1192 2814 vero
1218 2747 1316 2812 etiam

232 2953 399 3002 concubuere
409 2953 489 3016 facie,
504 2971 521 3005 a
536 2953 638 3019 (omnes
653 2956 727 3007 codd.
739 2971 780 3019 ap.
793 2955 909 3008 Oudend.
926 2958 960 3005 ad
977 2956 1047 3008 Suet.
1065 2956 1125 3008 Oth.
1139 2954 1197 3020 12.)
1220 2970 1315 3004 conua-

197 3021 281 3070 beratu
293 3021 393 3085 sucum,
412 3023 436 3073 d.
462 3024 650 3073 conuuberatum
662 3022 768 3087 sociem,
783 3019 834 3087 βγ.
861 3023 1040 3072 concuberatae
1048 3023 1136 3088 seriei,
1148 3024 1264 3075 Oudend.
1281 3064 1315 3074 .-

197 3087 306 3149 inlinens,
322 3105 345 3140 a.
363 3079 491 3159 ssssflineaa
504 3094 528 3142 d.
546 3131 578 3142 ...
595 3091 644 3141 sabi
653 3107 716 3154 eum3
728 3107 774 3156 pro
785 3093 827 3141 his
837 3107 877 3140 vv.
890 3090 1047 3142 dantsiccum
1063 3092 1160 3154 suad,
1177 3094 1245 3141 unde
1262 3091 1315 3143 On·

198 3159 271 3208 dend.
285 3157 371 3220 sucum
382 3159 452 3222 legit.
474 3158 540 3209 Mihi
556 3161 642 3224 potius
658 3160 819 3210 scribendum
834 3159 933 3210 videtur
944 3159 968 3207 ei
978 3156 1076 3220 (faciei)
1094 3175 1153 3220 cum,
1164 3160 1248 3210 littera
1258 3175 1271 3207 r
1282 3174 1316 3209 ex

196 3226 329 3290 participio
342 3241 488 3290 praegresso
499 3228 612 3291 repetita.
624 3268 656 3277 ..
669 3241 794 3289 oneraque,
806 3243 829 3276 a.
847 3242 994 3290 accusoque,
1003 3227 1112 3277 Mercur.
1124 3242 1176 3276 var.
1188 3228 1246 3276 lect.
1257 3233 1281 3288 2,
1292 3232 1315 3276 1.

197 3307 231 3343 ex
241 3293 327 3345 Plinio
339 3294 427 3343 Valer.
439 3300 464 3355 3,
477 3297 518 3344 47.
537 3334 568 3344 ..
585 3294 700 3357 sequenti,
708 3311 728 3344 r.
747 3334 779 3343 ..
791 3293 921 3355 serenae.

231 3384 321 3445 5127.
343 3384 391 3445 Ibi,
407 3400 430 3434 a.
460 3384 503 3444 Ob,
521 3388 544 3435 1.
562 3427 594 3435 ..
613 3383 646 3446 id,
664 3388 709 3436 ad.
728 3427 760 3437 ,.
783 3385 904 3448 cappuria,
919 3389 956 3436 a².
982 3388 1016 3437 V.
1031 3387 1146 3437 Dioscor.
1163 3389 1187 3445 2,
1204 3389 1261 3434 204.
1280 3424 1313 3433 -

197 3450 322 3512 Arubium,
338 3446 409 3502 981.
433 3450 572 3514 Arabicum,
583 3448 613 3514 β.
635 3454 719 3503 Multa
730 3454 758 3501 in
769 3453 811 3503 hio
820 3469 860 3502 vv.
872 3461 955 3504 mutat
965 3456 1055 3505 Dalec
1071 3493 1103 3503 ..
1121 3450 1226 3509 auitum,
1239 3467 1262 3501 a.
1281 3491 1314 3500 -

196 3517 283 3581 reda.
301 3559 333 3568 ..
356 3519 507 3580 uomitum,d.
524 3561 556 3570 -
579 3527 661 3579 mouet,
676 3537 697 3570 r.
706 3519 782 3582 fucit,
799 3522 844 3570 ad.
865 3519 942 3584 soluit,
957 3518 986 3583 β.
1004 3563 1036 3572 ..
1063 3518 1262 3585 oplioataplylea,
1278 3521 1316 3570 ita

195 3602 244 3638 nos
256 3587 409 3651 scripsimus.
428 3585 494 3651 opioa
504 3585 635 3653 staphyleu,
648 3588 672 3637 d.
690 3585 875 3652 opusstapdzlen,
886 3605 909 3638 8.
927 3587 1131 3653 opleostupiyleu,
1142 3582 1192 3654 βγ.

229 3679 245 3739 ξ
259 3683 316 3729 128.
343 3679 483 3741 hluteotoai,
500 3673 563 3730 881
581 3678 668 3743 (codd.
685 3680 792 3732 Salmas.
808 3695 891 3730 exerc.
906 3697 932 3746 p.
950 3685 1006 3732 706.
1024 3699 1048 3732 8.
1064 3683 1094 3732 F.
1111 3687 1137 3730 et
1147 3680 1264 3732 Oudend.
1281 3683 1316 3730 ad

194 3748 294 3811 Appul.
305 3755 408 3797 metam.
419 3763 445 3811 p.
458 3745 529 3809 237.)
547 3747 675 3809 Fruubosi
687 3744 739 3812 βγ.
749 3788 780 3798 ..
798 3747 908 3812 scripio,
921 3751 938 3798 d
950 3747 1036 3812 (codd.
1048 3749 1137 3800 indicis
1148 3750 1207 3799 libri
1218 3747 1315 3812 primi.)

194 3814 284 3878 sarisa,
296 3830 319 3864 a.
342 3813 431 3876 auide,
444 3809 473 3864 θ.
495 3814 555 3877 suri,
566 3811 617 3882 βγ.
634 3817 668 3867 V.
681 3816 813 3880 Theophr.
826 3817 852 3866 h.
864 3817 900 3880 pl.
912 3816 959 3867 IV.
973 3823 997 3879 8,
1010 3824 1034 3867 2.
1048 3821 1072 3867 5.
1090 3856 1122 3866 -
1137 3815 1264 3880 papaveri,
1276 3818 1314 3865 a‘.

190 3881 340 3946 papari‚a².
363 3890 365 3895 '

230 3968 244 4029 ξ
259 3970 315 4016 129.
334 3973 413 4029 estque
424 3964 524 4028 8188787,
535 3968 569 4017 K.
587 3967 706 4018 Ceterum
716 3984 740 4018 v.
752 3968 886 4033 Theophr.
899 3969 930 4017 de
942 3983 1009 4019 caus.
1021 3969 1056 4032 pl.
1069 3967 1105 4019 H.
1120 3972 1159 4027 17,
1169 3974 1192 4018 3.
1202 4006 1234 4017 ..
1247 3963 1314 4028 alibi,

196 4031 250 4082 Τ1.
268 4032 351 4095 aliubi,
362 4029 433 4097 ufir.
450 4034 484 4083 V.
496 4035 580 4085 Hand.
593 4037 703 4086 Tursell.
717 4042 739 4098 1,
752 4040 810 4087 277.
829 4077 861 4086 -
883 4042 907 4084 et
917 4034 984 4096 sicut,
996 4052 1020 4086 a.
1038 4043 1061 4083 et
1071 4027 1173 4104 sicutfffl,
1185 4037 1209 4085 1.
1231 4035 1314 4085 Parti·

196 4098 282 4148 culam
293 4106 323 4160 et,
344 4115 409 4163 quae
420 4102 448 4151 in
459 4103 476 4152 1
486 4103 526 4154 bis
536 4103 621 4166 posita
631 4119 687 4154 esse
698 4105 804 4166 ridetur,
823 4103 932 4155 librariis
943 4103 1028 4154 deberi
1039 4104 1154 4154 arbitror.
1173 4142 1206 4152 -
1224 4100 1314 4163 eadem

195 4167 293 4283 adfi-
312 4166 383 4230 quod,
398 4169 431 4219 Κ.
451 4208 482 4220 ..
504 4169 606 4233 inicitur,
621 4186 645 4222 a.
668 4169 785 4232 iaitrbtur,
796 4175 821 4224 1.
840 4212 872 4223 ..
895 4169 980 4234 mnam,
992 4188 1031 4222 ar.
1054 4165 1183 4233 vinacii.
1201 4210 1232 4220 -
1254 4169 1315 4218 seri-

196 4239 242 4298 tur,
280 4267 287 4281 .
