2896 4800
384 310 453 357 ms.
471 310 521 356 rr.
544 307 784 357 oar.v111..ri.
814 306 911 356 sacr.
927 310 1004 354 aa.
1192 294 1252 360 151

133 462 217 528 inter
237 461 360 527 insulas
380 460 470 527 rubri
491 459 667 545 praecipue
680 458 777 524 maris
792 457 843 525 his
856 458 1010 547 navigent
1030 460 1163 545 cymbis
1186 459 1252 528 Oa-

132 563 264 649 piuntur
282 561 393 632 multis
413 559 544 645 quidem
565 559 750 630 modis‘sed
770 582 920 626 maxume
935 571 1064 627 evectae
1079 562 1113 627 in
1129 585 1253 629 summa

60 678 61 681 ’
132 664 240 752 pelagi
261 662 513 730 antemeridiano
536 671 679 747 tempore
699 656 854 740 blandito,
883 660 1042 728 eminente
1071 671 1136 728 toto
1157 663 1253 731 dorso

132 784 191 850 per
220 764 392 849 tranquilla
420 761 598 841 fluitantes,
628 783 711 847 quae
747 761 895 847 voluptas
920 761 1022 829 libere
1051 762 1193 849 spirandi
1219 765 1253 830 in

133 876 257 931 tantum
282 865 365 931 fallit
391 863 505 929 oblitas
531 863 581 928 sui
607 873 645 927 ut
671 863 746 929 solis
767 885 887 949 vapore
910 863 1028 930 siccato
1050 863 1167 932 cortice
1188 886 1254 931 non

133 977 254 1052 queant
275 964 378 1054 mergi
398 964 583 1048 invitaeque
604 963 732 1031 fluitent
746 973 945 1051 opportunae
958 964 1144 1030 venantium
1158 987 1253 1051 prae-

132 1070 204 1134 dae.
239 1067 366 1134 ll'enmt
390 1075 424 1132 et
448 1075 578 1151 pastum
604 1087 752 1154 egressas
778 1076 876 1131 noctu
904 1065 1063 1150 avideque
1094 1076 1253 1133 saturatas
1266 1086 1301 1130 aa

131 1169 244 1237 lassari
273 1179 369 1252 atque
396 1176 432 1231 ut
459 1160 674 1233 remeaverint
699 1165 856 1232 matutino
884 1188 1008 1233 summa
1032 1166 1067 1231 in
1088 1189 1172 1252 aqua
1193 1167 1252 1234 ob·

132 1271 344 1345 dormisoere;
366 1268 401 1333 id
421 1268 516 1355 prodi
538 1268 736 1334 stertentium
759 1267 885 1347 sonitu;
915 1278 983 1333 tum
998 1268 1149 1334 adname
1169 1268 1252 1335 levi-

131 1383 244 1458 terque
271 1369 407 1459 singulis
435 1379 560 1448 ternos;
589 1391 610 1434 a
631 1368 756 1436 duobus
777 1370 811 1436 in
832 1369 964 1436 dorsum
991 1370 1086 1449 verti,
1112 1395 1132 1436 a
1158 1371 1253 1440 tertio

130 1473 278 1558 laqueum
298 1471 375 1538 inici
397 1470 531 1557 supinae
553 1480 651 1556 atqua
671 1470 717 1535 ita
738 1494 757 1536 e
779 1480 865 1537 terra
886 1494 907 1536 a
925 1470 1073 1558 pluribus
1095 1473 1189 1538 trahi.
1211 1473 1252 1539 In

129 1573 303 1642 Phoenicio
323 1572 405 1638 mari
425 1572 514 1639 haud
533 1571 599 1639 ulla
620 1571 803 1639 difficultate
832 1572 1005 1658 capiuntur
1025 1573 1172 1660 ultroque
1195 1599 1252 1641 ve·

31 1764 33 1767 ,
129 1675 222 1741 niunt
243 1684 327 1741 stato
348 1684 491 1760 tempore
512 1674 589 1739 anni
609 1674 645 1738 in
665 1673 1022 1741 amnem-Eleutherum
1043 1677 1146 1742 effusa
1166 1676 1251 1742 mul-

130 1777 275 1843 titudine.
295 1776 419 1843 Dentes
433 1798 499 1842 non
513 1785 589 1841 sunt
610 1775 763 1842 testudini
785 1777 844 1842 sed
864 1778 961 1842 rostri
975 1778 1138 1864 margines
1152 1778 1250 1856 acuti,
1264 1790 1296 1838 ar

128 1901 270 1965 superna
290 1888 381 1965 parte
401 1877 584 1943 inferiorem
603 1877 774 1943 'claudente
796 1878 954 1963 pyxidum
974 1879 1080 1944 modo.
1108 1878 1149 1944 In
1169 1880 1252 1944 mari

129 1979 304 2065 conchyliis
324 1979 447 2057 vivont,
476 1987 567 2045 tanta
590 1978 656 2045 oris
684 1978 803 2045 duritia
822 1988 860 2043 ut
885 1979 1011 2064 lapides
1033 1978 1250 2057 conminuunt,

127 2080 162 2146 in
188 2091 306 2148 terram
332 2101 482 2166 egressae
508 2078 626 2146 herbis.
662 2078 802 2144 Pariunt
828 2102 889 2145 ova
914 2080 1023 2145 avium
1043 2080 1114 2146 ovis
1135 2080 1253 2145 similia

69 2244 76 2261 ,
129 2181 172 2246 ad
199 2193 336 2248 centena
360 2203 494 2246 numero
521 2202 622 2264 eaque
651 2181 781 2246 defossa
808 2191 899 2245 extra
925 2202 1025 2264 aquas
1048 2191 1080 2246 et
1100 2190 1254 2265 cooperta

129 2292 214 2347 terra
246 2305 284 2349 ao
314 2282 423 2368 pavita
453 2291 584 2367 pectore
617 2290 650 2346 et
676 2279 868 2367 conplanata
898 2280 1052 2347 incubant
1082 2280 1251 2359 noctibus3

130 2382 271 2448 educunt
301 2382 389 2450 setus
421 2403 529 2447 annuo
557 2381 671 2468 spatio.
715 2380 857 2464 Quidam
883 2382 983 2449 oculis
1011 2382 1252 2469 spectandoque

128 2505 190 2549 ova
210 2482 313 2549 foveri
334 2483 375 2549 ab
397 2483 437 2550 iis
457 2493 582 2570 putant,
609 2483 746 2557 feminas
767 2484 887 2550 coitum
907 2485 1031 2571 fugere,
1058 2484 1160 2550 donec
1180 2505 1251 2548 mas

126 2584 284 2651 festucam
312 2585 453 2670 aliquam
486 2585 620 2672 inponat
645 2609 786 2652 aversae.
830 2585 1037 2676 Trogodytae
1065 2586 1249 2674 cornigeras
1262 2597 1295 2642 38

126 2683 244 2752 habent
265 2697 302 2752 ut
322 2687 356 2752 in
377 2689 459 2772 lyra,
482 2687 615 2752 adnexis
631 2687 781 2754 cornibus
795 2687 868 2753 latis
883 2688 940 2755 sed
959 2687 1144 2768 mobilibus,
1166 2709 1248 2772 quo-

126 2808 199 2852 rum
223 2787 259 2852 in
284 2789 426 2856 natando
450 2789 586 2878 remigio
615 2812 650 2856 se
678 2788 849 2870 adiuvant3
878 2790 1013 2877 cbelyon
1040 2791 1076 2858 id
1114 2800 1250 2857 vocatur

160 2997 229 3057 535.
247 2999 273 3043 at
283 2994 359 3056 italo.
378 2994 496 3045 Ceterum
514 2996 578 3044 haec
594 2995 702 3058 sumpsit
715 2994 782 3044 Plin.
799 3009 832 3044 ex
847 2995 1042 3057 Agatharchide
1060 3001 1100 3046 14.
1112 3011 1153 3060 ap.
1169 2996 1248 3047 Phot.

126 3060 188 3110 bibl.
200 3067 258 3112 250.
275 3101 307 3111 ..
326 3061 395 3123 aar,
406 3063 488 3112 RTd.
507 3062 566 3113 Om.
578 3063 911 3126 postHarduinumrvitio
924 3076 1066 3125 operarum.
1078 3100 1110 3112 ..
1129 3060 1248 3125 accipent,

127 3127 210 3178 RTd.
227 3127 351 3192 naviyant,
362 3122 391 3189 β.
410 3167 442 3178 ..
460 3127 556 3188 cambra,
567 3130 601 3178 R.
618 3143 670 3176 cam
682 3126 726 3188 liis,
738 3130 762 3178 d.

113 3212 117 3218 ¹
161 3192 230 3254 §iiia
248 3193 338 3258 laxari,
349 3195 383 3246 K.
400 3196 461 3247 Vid.
477 3196 584 3246 Aristot.
600 3195 661 3246 bist.
678 3195 755 3245 anim.
773 3201 797 3257 8,
815 3201 838 3246 2.
855 3210 880 3258 p.
899 3194 966 3246 590¹)
978 3202 1002 3246 4.
1021 3235 1053 3245 ..
1072 3193 1207 3256 retreat-iat,
1217 3189 1247 3255 β.

127 3301 160 3310 ..
174 3259 259 3325 prodit
269 3263 404 3313 tenentium
415 3263 511 3325 sonitus,
523 3265 577 3314 Td.
595 3302 627 3313 ..
650 3269 697 3312 tam
708 3259 827 3312 odram
839 3261 971 3326 lanasque,
982 3264 1065 3316 RTd.
1088 3269 1180 3325 tamque
1192 3259 1248 3311 teat

128 3335 163 3377 ter
173 3330 235 3394 capt.
252 3329 381 3381 Adactare
392 3330 461 3393 anim,
472 3325 502 3393 β.
521 3328 611 3393 leniter,
622 3331 701 3382 Hand.
719 3330 771 3382 Sed
782 3331 862 3381 maior
873 3332 1018 3396 corruptela
1028 3332 1092 3382 latet
1102 3331 1130 3380 in
1140 3331 1181 3382 his
1192 3343 1248 3380 var·

126 3397 173 3456 bis,
190 3414 267 3462 quam
279 3401 374 3465 copula
385 3401 503 3450 adverbio
516 3397 597 3449 leviter
607 3400 679 3450 nullo
692 3415 769 3452 sensu
779 3399 867 3451 addita
876 3401 970 3465 prodit
987 3401 1098 3451 Videtur
1108 3399 1175 3450 Plin.
1188 3398 1248 3449 scri·

126 3465 217 3527 psisse:
240 3464 360 3515 adactae
375 3465 457 3516 leviter
472 3465 624 3532 invehique
642 3469 659 3518 i.
680 3483 702 3518 e.
723 3466 832 3532 appredl,
853 3465 977 3532 maedan
998 3470 1050 3518 hoc
1065 3483 1126 3519 vero
1142 3468 1248 3517 verbum

128 3531 213 3580 dativo
228 3532 345 3583 iunctum
361 3535 460 3597 illoque
472 3550 548 3586 sensu
559 3537 654 3587 dictum
672 3536 807 3588 illustravit
817 3537 923 3587 Ruhnk.
935 3539 969 3587 ad
979 3537 1061 3587 Rutil.
1073 3537 1140 3597 Lup.
1149 3550 1175 3599 p.
1190 3537 1246 3584 135.

129 3637 161 3646 —
180 3601 344 3659 lmssssss·
363 3602 500 3662 tarno‚Td.
519 3641 551 3652 -
569 3602 637 3662 alt.
655 3605 729 3664 aad.
747 3644 780 3653 ..
798 3604 961 3666 atavam.
980 3605 1130 3664 atteri-affl.
1154 3598 1247 3648 adter-
1355 3660 1358 3665 γ

127 3679 189 3725 ram,
200 3660 230 3726 β.
249 3703 281 3714 .-
298 3663 437 3740 Picentem,
448 3669 501 3716 Rd.
519 3708 552 3717 ...
569 3675 640 3730 stato,
651 3670 685 3720 R.
701 3676 798 3730 statam,
809 3670 880 3719 Tdr.
898 3709 930 3719 ..
940 3670 1013 3732 fasc,
1026 3671 1051 3718 d.

161 3735 230 3796 §aa
255 3729 378 3779 testudinea
395 3738 425 3792 et,
442 3733 467 3781 d.
490 3731 612 3783 testudinea
626 3743 670 3796 sat,
686 3735 719 3785 R.
737 3775 770 3785 ..
792 3734 1073 3797 tanto..commiaacat‚
1090 3736 1155 3784 baec
1171 3733 1247 3785 verba

24 3767 28 3776 ·
127 3806 195 3864 pone
207 3796 324 3929 &aava
342 3793 541 3848 modo'videutur
552 3801 709 3851 collocanda
727 3841 760 3851 ..
777 3799 862 3858 labri.
874 3801 988 3862 Pariunt,
999 3803 1054 3852 Ru.
1076 3800 1101 3850 ia
1112 3799 1247 3864 lerbdpa.

128 3866 200 3929 riost,
234 3867 292 3917 .V.
309 3865 417 3916 Aristot.
435 3866 494 3915 hist.
512 3867 588 3916 anim.
607 3872 630 3929 5,
648 3874 689 3918 33.
705 3883 731 3932 p.
749 3873 851 3918 theti.
870 3909 902 3918 ..
925 3867 1111 3930 aqacmsedd.
1130 3908 1162 3918 ..
1180 3874 1247 3916 tara

126 3934 212 3998 pavita
223 3936 265 3985 vel
278 3941 350 3996 tenc,
362 3932 536 3997 ecquomodo,
548 3934 627 3984 Hard.
643 3935 718 3985 Prius
729 3935 878 3998 comprobat
887 3935 992 3987 Gesner.
1005 3938 1140 3988 chrestom.
1152 3950 1177 4000 p.
1187 3942 1244 3987 408.

130 4041 162 4051 ..
180 4009 203 4050 et
218 3999 376 4065 complanato,
392 4004 438 4052 R2.
465 4000 640 4065 exemplatam,
655 4003 700 4053 R¹.
727 4000 866 4064 explanato,
883 4004 937 4054 Td.
960 4045 992 4054 ..
1015 4003 1122 4067 educant,
1138 3995 1245 4055 ROTd.

128 4067 249 4132 Edaccnq
259 4065 289 4130 β.
307 4111 339 4120 ..
357 4067 485 4133 spectando
501 4085 599 4132 qaoque,
614 4064 644 4132 β.
663 4111 695 4120 ..
713 4068 757 4132 lu'a,
773 4071 798 4120 d.
816 4111 849 4121 ..
860 4069 977 4134 feminas,
992 4064 1101 4124 Rern.
1115 4070 1245 4138 sentinam,

127 4132 157 4198 β.
176 4177 208 4186 ..
225 4136 528 4201 mnafmtaoamaliqaom‚
540 4137 573 4188 R.
590 4135 615 4187 ia
627 4136 718 4202 aspecti
728 4135 813 4187 cootali
822 4153 902 4202 quam,
915 4140 939 4190 d.

163 4202 231 4264 §.ia
257 4203 414 4270 Troyodytaa
430 4206 467 4256 ita
482 4221 529 4257 nos
541 4205 694 4270 scripsimus.
720 4203 888 4272 ltoylodytoa,
898 4203 1017 4274 Rdrssr.
1038 4248 1070 4261 -
1088 4205 1208 4270 adiuvent,
1219 4207 1244 4257 d.

130 4312 162 4320 -
179 4269 283 4337 chalpac,
298 4273 377 4326 Hand.
395 4271 495 4338 calaum,
511 4269 592 4337 Rdss.
612 4314 643 4327 -
661 4272 695 4340 id,
711 4273 793 4327 RTd.
810 4273 839 4326 id
851 4290 933 4341 ymas,
947 4271 978 4336 β.
