2896 4800
188 302 249 368 150
539 311 744 360 urrunssrs
766 311 961 361 morosus

187 466 350 533 differunt.
388 464 498 553 Opere
525 464 683 552 proelium
710 465 815 531 fervet
834 463 1020 549 includique
1043 487 1078 530 ss
1099 463 1222 532 retibus
1244 468 1311 534 for-
1325 487 1357 534 aa

187 569 309 634 tissime
330 577 505 655 urguentes
527 566 680 654 gaudent,
710 589 748 634 ac
776 588 817 632 ne
845 567 880 632 id
907 565 1013 653 ipsum
1035 566 1149 656 fugam
1169 566 1311 636 hostium

188 670 339 748 stimulet,
362 669 446 735 inter
467 668 599 757 navigia
621 678 654 734 et
667 668 747 733 retia
760 667 943 735 natantisve
956 666 1102 733 homiues
1122 666 1170 734 ita
1191 670 1312 737 sensim

186 770 357 838 elabuntur
377 780 415 835 ut
436 770 560 837 exitum
573 791 638 835 non
652 768 807 856 aperiant.
830 766 935 848 Saltu,
959 767 1046 853 quod
1061 778 1110 834 cst
1123 768 1203 834 alias
1216 770 1310 837 blan-

185 872 353 938 dissimum
379 872 446 950 his,
475 872 581 938 nullus
609 882 743 937 conatur
768 871 914 950 evadere,
936 871 970 935 ni
992 870 1221 936 submittantur
1249 871 1311 938 sibi

184 974 283 1052 retia3
314 995 464 1063 egressus
485 973 632 1061 protinus
654 984 728 1040 ante
750 974 869 1038 vallum
889 972 1074 1059 proeliatur.
1107 970 1160 1038 Ita
1180 985 1312 1061 peracta

185 1086 319 1163 captura
333 1098 413 1162 quos
427 1076 620 1141 interemere
635 1074 807 1161 diripiunt3
837 1073 895 1138 sed
914 1071 1067 1140 enixioris
1081 1095 1199 1160 operae
1213 1096 1311 1159 quam

183 1177 218 1242 in
238 1179 335 1243 unius
357 1177 422 1243 diei
443 1175 623 1261 praemium
644 1175 764 1241 conscii
786 1174 848 1241 sibi
869 1174 1081 1261 opperiuntur
1097 1175 1131 1240 in
1144 1187 1310 1262 posterum

184 1300 245 1344 nee
265 1277 410 1362 piscibus
433 1287 557 1341 tantum
579 1275 637 1341 sed
659 1287 692 1342 et
712 1276 823 1341 intrita
843 1275 937 1362 panis
959 1297 978 1341 e
1000 1275 1076 1341 vino
1100 1275 1264 1342 satiantur.

229 1381 279 1445 10.
304 1375 398 1461 Quae
421 1377 462 1442 de
484 1377 597 1443 eodem
618 1398 737 1464 genere
757 1377 904 1464 piscandi
924 1375 960 1443 in
979 1376 1067 1443 Iasio
1088 1377 1161 1443 sinu
1186 1377 1310 1444 Mutia·
1322 1396 1355 1443 sa

184 1502 246 1545 nus
269 1479 367 1544 tradit
387 1478 449 1544 hoc
470 1477 636 1557 differunt,
656 1479 744 1564 quod
764 1479 850 1544 ultro
869 1499 974 1563 neque
994 1479 1157 1545 inclamati
1181 1489 1311 1565 praesto

186 1581 251 1646 sint
271 1581 440 1667 partisque
461 1602 479 1645 e
500 1581 648 1647 manibus
674 1580 833 1666 accipiant
853 1590 886 1646 et
907 1602 1002 1646 suum
1022 1603 1168 1667 quaeque
1194 1579 1312 1666 cymba

186 1704 205 1747 e
226 1681 386 1769 delphinis
409 1681 532 1747 socium
553 1681 670 1749 habeat
690 1682 836 1767 quamvis
856 1692 954 1748 noctu
976 1693 1009 1748 et
1029 1682 1072 1749 ad
1099 1681 1190 1748 facis.
1221 1681 1309 1766 Ipsis

186 1805 316 1869 quoque
337 1785 422 1850 inter
443 1806 478 1850 se
499 1782 630 1871 publica
655 1794 706 1849 est
726 1784 871 1850 societas.
910 1781 1016 1871 Capto
1046 1807 1066 1849 a
1090 1805 1168 1871 rege
1191 1781 1309 1850 Cariae

186 1886 391 1974 adligatoque
418 1886 453 1950 in
482 1895 579 1972 portu
605 1885 722 1971 ingens
748 1885 943 1971 reliquorum
964 1884 1115 1952 convenit
1139 1885 1311 1952 multitudo

185 1987 346 2052 maestitia
368 1987 507 2073 quadam
530 2009 612 2072 quae
633 1977 745 2073 posset
764 1986 908 2074 intellegi
928 1985 1166 2054 miserationem
1183 1997 1309 2074 petens,

187 2087 290 2154 donec
312 2088 429 2154 dimitti
450 2111 508 2154 rex
530 2112 604 2154 eum
624 2088 729 2153 iussit.
752 2086 842 2170 Quin
862 2098 896 2153 et
916 2110 1033 2175 parvos
1054 2110 1181 2176 semper
1193 2087 1309 2173 aliquis

185 2190 338 2280 grandior
364 2191 535 2256 comitatur
561 2201 599 2256 ut
627 2200 736 2256 custos
762 2191 989 2276 conspectique
1010 2190 1076 2255 iam
1097 2201 1173 2255 sunt
1192 2190 1249 2257 del
1292 2229 1308 2244 -

187 2302 273 2358 ctum
294 2303 471 2378 portantes,
493 2315 534 2358 ne
555 2293 750 2360 laceraretur
771 2315 792 2356 a
812 2291 925 2358 beluis.

106 2477 109 2485 V
227 2391 292 2456 IX.
323 2395 373 2458 11.
400 2392 639 2479 Delphinorum
665 2393 907 2460 similitudinem
929 2392 1049 2459 habent
1077 2393 1133 2479 qui
1153 2403 1354 2459 vocantur³⁴

187 2495 364 2572 tursiones3
394 2494 562 2560 distentet
576 2496 704 2561 tristitia
717 2495 857 2580 quadam
878 2492 1094 2582 adspectatus,
1120 2495 1213 2562 abest
1226 2494 1311 2560 enim

187 2591 243 2658 illa
256 2595 397 2675 lascivia,
420 2617 570 2662 maxume
585 2605 691 2661 tumen
711 2594 825 2663 rostris
844 2595 1061 2664 canicularum
1080 2595 1311 2663 maleficentiae

188 2694 378 2762 adsimulati.
1265 2710 1268 2716 ’

1373 2266 1390 2303 t

229 2795 277 2862 Χ.
301 2798 352 2863 12.
374 2797 568 2865 Testudines
584 2809 691 2865 tantae
704 2799 937 2888 magnitudinis
950 2798 1099 2866 Indicum
1113 2768 1201 2870 mare
1215 2799 1308 2868 emit·
1321 2809 1353 2855 ³⁵

187 2897 226 2963 tit
246 2907 284 2976 ut
305 2898 504 2987 singularum
526 2901 695 2989 superficie
714 2901 899 2969 habitabilis
928 2924 1019 2968 casas
1045 2903 1192 2991 integant
1212 2909 1309 2986 atque

109 3128 118 3135 ·
218 3107 288 3170 332.
305 3123 331 3155 se
348 3107 444 3172 reuoca,
460 3109 493 3163 R
515 3110 604 3160 retatus
619 3127 652 3173 se,
669 3106 742 3175 ᾶβγ.
762 3150 794 3160 ..
813 3109 908 3173 witam,
924 3104 1030 3168 Rosa
1053 3107 1137 3171 eritne
1152 3102 1182 3169 β.
1202 3148 1234 3157 ..
1251 3121 1309 3172 upe-

184 3167 405 3236 riantnw'rss
428 3179 664 3242 appareant,R¹d¹.
688 3173 856 3243 appareotfl.
874 3218 906 3229 -
930 3177 1113 3238 omittentem
1131 3215 1164 3225 ...
1186 3172 1309 3238 proels'on·

185 3247 232 3303 tur,
244 3245 317 3294 codd
333 3245 448 3295 Barbari.
465 3285 498 3297 ..
517 3261 570 3310 quo,
588 3246 620 3296 Β.
648 3261 715 3309 equo,
727 3247 780 3298 Τὰ.
798 3287 830 3296 -
850 3244 990 3307 mmmm,
1002 3243 1034 3294 T.
1055 3258 1131 3306 aequo
1142 3241 1236 3290 interim
1249 3242 1309 3303 iore,

184 3306 252 3362 Pint.
270 3349 303 3359 ..
321 3307 375 3362 Sed
384 3317 417 3373 ut,
429 3311 462 3363 Κ.
482 3353 514 3363 ..
528 3313 641 3377 proemii,
653 3314 731 3366 STd.
751 3354 782 3363 -
805 3311 850 3364 aad
859 3320 890 3374 ct,
900 3312 962 3364 ΒΤ.
983 3307 1033 3373 seri,
1045 3304 1116 3373 ᾱβγ.
1136 3348 1168 3358 ..
1186 3307 1276 3368 intrita,
1287 3323 1308 3358 r.

185 3371 316 3438 interiectu,
328 3377 361 3430 K·
381 3416 413 3427 -
431 3379 496 3441 ult.
514 3385 544 3441 et,
556 3381 611 3431 Td.

217 3459 285 3521 533.
302 3457 379 3521 Iasio,
394 3461 499 3513 Barbar.
522 3462 605 3526 Latio,
621 3465 653 3515 It.
676 3463 746 3527 horo,
756 3468 782 3517 d
804 3463 908 3516 Retinui
920 3461 1026 3514 Barbari
1037 3460 1309 3532 coniecturamrqnam·

183 3525 221 3575 vis
233 3533 319 3590 aperte
331 3527 432 3590 falsam,
444 3544 503 3580 cum
512 3534 544 3581 de
553 3532 611 3583 sinu
620 3531 711 3583 Cretae
720 3535 788 3585 dicto
798 3534 830 3585 ab
839 3533 901 3583 urbe
914 3524 1004 3592 Λατώ,
1016 3544 1081 3596 quae
1090 3519 1309 3594 posteallapoipa

182 3594 321 3645 vocabatur
333 3591 369 3659 (v.
382 3596 471 3662 Steph.
482 3598 547 3664 Byr.
561 3616 581 3651 s.
593 3600 620 3650 h.
632 3597 679 3663 νη),
691 3603 734 3665 agi
744 3602 868 3652 videatur.
890 3597 962 3651 Nota
978 3606 1018 3649 est
1028 3599 1159 3664 inscriptio
1174 3597 1311 3648 Latiorum

183 3668 209 3710 et
224 3661 386 3714 Oluntiorum
400 3681 440 3729 ap.
456 3666 571 3719 Boeckh.
587 3683 655 3734 corp.
672 3670 760 3719 insert.
772 3667 804 3719 T.
816 3668 851 3718 IL
862 3683 901 3718 nr.
914 3673 989 3719 2554.
1009 3708 1042 3719 ..
1059 3665 1172 3729 oltruR
1185 3706 1217 3715 ..
1235 3660 1310 3711 inclu-

182 3729 249 3784 mati,
261 3730 345 3780 RKu
368 3731 516 3796 inclamante,
527 3731 556 3797 β.
576 3778 608 3786 -
625 3743 689 3798 sunt,
702 3739 726 3786 d.
744 3775 776 3786 ..
800 3744 922 3800 quemque,
934 3753 955 3787 r.
973 3777 1005 3786 ..
1025 3751 1077 3785 cum
1089 3734 1137 3796 let,
1150 3734 1175 3782 d*
1198 3719 1309 3797 Mssssffr

182 3798 214 3846 R
227 3801 641 3864 qoaequerrcuoantae‚1)aleo.-
653 3801 748 3863 habeut,
759 3804 792 3855 B.
803 3843 835 3853 ...
847 3801 890 3865 ud,
902 3805 984 3855 omitt
997 3804 1079 3855 RTd.
1094 3801 1201 3863 ..Μ’
1213 3798 1266 3846 ΤίῙ·
1277 3835 1309 3844 -

183 3861 272 3925 Ilmr
283 3867 307 3915 ‘³-
327 3907 359 3917 -
374 3876 455 3931 P⁰⁷²¹¹s
469 3871 568 3923 R'l'dr.
590 3879 663 3936 porta
674 3868 792 3934 delphino,
803 3866 832 3933 β.
856 3871 978 3924 Ceterum
993 3884 1017 3919 v.
1033 3869 1143 3919 Aristot
1159 3865 1219 3914 hist
1231 3864 1309 3912 anim.

182 3933 209 3988 s,
225 3937 267 3981 ss.
282 3947 307 3995 p.
323 3940 392 3984 sarr
410 3943 451 3986 ιι.
471 3977 503 3988 -
526 3941 620 4002 quau.
639 3979 671 3989 ..
686 3937 835 4003 possisne.
854 3977 887 3987 -
904 3930 1045 4001 olimst·
1064 3974 1096 3983 .-
1117 3928 1309 3998 prandemus.

182 3996 320 4061 prandium,
328 4001 360 4051 R.
374 4042 406 4051 -
419 4004 556 4068 comitatur,
565 4008 598 4058 B·
610 4022 649 4055 eos
657 4001 790 4067 comitatur,
799 4006 852 4056 Τὰ.
862 4044 894 4054 ..
905 4004 955 4053 ium
964 4008 1025 4063 aaut,
1034 4001 1117 4052 RTd.
1128 4005 1184 4048 sunt
1191 3997 1249 4061 ium,
1258 3993 1309 4061 βγ.

218 4080 287 4140 §34-
311 4083 433 4149 torsiones,
451 4091 524 4140 codd.
542 4092 650 4141 Massar.
675 4088 805 4151 tarsicium,
826 4081 907 4138 θΤᾶ.
932 4084 1120 4147 ιήυνείσίποε,1ὶ
1140 4124 1171 4134 ..
1194 4080 1309 4149 quodum,

183 4149 228 4200 Rl.
247 4148 352 4213 qudam,
364 4153 413 4203 13¹.
432 4152 619 4222 quidm‚dssr.
637 4197 668 4210 ..
687 4163 831 4223 aperturus,
842 4147 951 4207 nord.
968 4157 1085 4218 mpure,
1096 4148 1148 4218 βγ.
1168 4192 1200 4203 -
1218 4151 1309 4216 mulefir

181 4217 281 4281 centres,
294 4220 319 4271 d.
338 4217 503 4286 maleficentia,
515 4213 572 4275 Ro.
