2896 4800
416 1305 470 1410 C.
505 1303 681 1413 PLlNI
717 1301 1006 1412 SECUNDI

221 1585 707 1707 NATURALIS
743 1583 1209 1705 HISTORIAE

577 1832 728 1906 LIBER
751 1831 854 1907 XIV.

614 2064 821 2075 *ο

199 2278 306 2345 Sner.
329 2279 359 2342 1.
394 2241 568 2345 Extemae
589 2275 722 2341 arbores
742 2273 961 2358 indocilesque
975 2273 1066 2340 nasci
1083 2273 1161 2340 alibi
1182 2285 1327 2361 quamsi

156 2381 213 2447 ubi
234 2401 380 2465 coepero,
403 2388 436 2445 et
455 2399 539 2462 quae
559 2376 595 2441 in
615 2377 736 2443 alienas
757 2398 822 2442 non
843 2385 1012 2442 conmeant
1034 2386 1145 2459 terras,
1167 2376 1278 2445 hacte-

155 2505 217 2548 nue
245 2482 314 2548 fere
341 2490 416 2547 eunt
441 2480 581 2565 licetque
607 2478 673 2546 iam
703 2478 745 2545 de
776 2477 989 2545 conmunibus
1022 2478 1112 2564 loqui
1142 2503 1280 2566 quarum

155 2584 297 2648 omnium
317 2581 488 2669 peculiaria
509 2603 629 2667 parens
650 2580 754 2649 videri
768 2591 877 2668 potest
891 2579 994 2647 Italia.
1016 2580 1193 2650 Noscantee
1207 2592 1278 2648 tan·

155 2695 224 2750 tum
257 2684 460 2750 meminerint
490 2693 622 2749 naturae
655 2706 766 2748 earum
790 2705 811 2747 a
836 2681 930 2749 nobis
956 2683 1085 2748 interim
1106 2684 1187 2764 dici,
1213 2707 1281 2751 non

156 2788 309 2864 culturas,
333 2807 527 2869 quamquam
548 2794 581 2850 et
602 2785 727 2851 colendi
742 2806 893 2849 maxuma
913 2784 948 2848 in
969 2795 1085 2849 natura
1098 2787 1203 2872 portio
1219 2796 1279 2853 eat.

155 2885 243 2951 Illud
264 2885 343 2950 satis
364 2886 474 2949 mirari
495 2907 560 2950 non
581 2906 674 2967 queo,
697 2885 857 2950 interiisse
879 2885 1079 2969 quarundam
1093 2889 1308 2955 memoriamu

156 2996 253 3068 atque
275 2986 371 3051 etiam
392 2985 556 3049 nominum
571 3007 653 3068 quae
672 2994 816 3050 auctores
831 2985 1001 3071 prodidere
1015 2986 1170 3053 notitiam.
1195 2987 1280 3070 Quis

157 3087 242 3151 enim
262 3109 328 3150 non
348 3085 570 3150 conmunicato
598 3084 676 3150 orbe
703 3095 861 3151 terrarum
882 3086 1048 3152 maiestate
1070 3085 1208 3152 Romani
1228 3089 1279 3154 in-

156 3188 227 3276 peri
257 3186 435 3275 profecisse
468 3185 568 3251 vitam
599 3195 693 3273 putet
718 3186 899 3254 conmeroio
925 3210 1034 3254 rerum
1062 3209 1099 3253 ac
1128 3189 1280 3254 societate

156 3289 259 3356 festae
286 3290 376 3376 pacis
405 3287 574 3372 omniaque
602 3288 699 3353 etiam
726 3311 808 3372 quae
837 3296 923 3355 ante'
938 3289 1062 3356 occulta
1090 3289 1219 3356 fuerant
1245 3290 1280 3355 in

157 3393 340 3477 promiscuo
355 3413 417 3456 usu
431 3391 539 3456 facta?
559 3391 608 3457 At
617 3389 787 3471 Hercules,
802 3415 868 3459 non
881 3392 1086 3481 reperiuntur
1101 3392 1157 3478 qui
1172 3390 1280 3459 norint
1292 3411 1308 3455 a

190 3594 235 3644 Au
251 3596 319 3644 hunc
329 3597 423 3646 librum
436 3600 484 3647 toti
497 3603 556 3648 eunt
567 3599 666 3648 excussi
678 3602 734 3648 aad
752 3595 792 3659 (in
804 3615 818 3648 c
829 3600 923 3650 lacuna
934 3606 973 3650 eat
984 3604 1025 3665 a§
1040 3605 1147 3652 7³..aa
1160 3606 1186 3650 et
1198 3599 1280 3649 codex

156 3678 259 3727 prorsus
272 3664 363 3712 desinit
380 3665 406 3714 in
418 3667 433 3728 ς
447 3663 525 3726 m),
541 3666 636 3729 passim
652 3666 781 3715 adhibitus
793 3667 827 3728 D,
846 3668 918 3718 cuiue
934 3669 1067 3729 lectiones,
1085 3683 1144 3717 cum
1159 3668 1187 3716 in
1201 3668 1280 3729 longe

157 3731 272 3848 plur-imita>
289 3747 348 3780 curn
363 3733 452 3782 ceteris
470 3733 600 3783 codicibus
618 3735 752 3798 conspiret,
768 3740 824 3785 tum
840 3737 942 3786 demum
958 3736 1091 3797 adnotari,
1113 3736 1158 3785 ubi
1178 3736 1210 3785 ab
1228 3735 1279 3786 illia

155 3800 255 3850 discede
274 3806 325 3848 ant.

190 3871 242 3931 §L
260 3883 344 3933 quom,
361 3869 399 3918 d2.
423 3869 587 3932 quoe,acd¹.
612 3908 643 3917 -
661 3867 851 3930 serenorrotoc
866 3871 1038 3934 runt,Dalec.
1066 3912 1098 3920 ..
1125 3870 1278 3933 marimc,d.

157 3934 359 4000 merirueacrr.

191 4001 206 4062 ἓ
219 4009 242 4052 2.
260 4003 376 4065 interisse,
387 4000 416 4066 β.
436 4013 541 4055 ..rante
553 4002 651 4066 occulta,
663 4007 728 4056 aod.
746 4005 837 4055 occulta
848 4014 911 4067 onte,
922 4002 973 4072 βγ.

191 4073 206 4133 §
227 4077 252 4120 ³.
277 4070 405 4132 Hecuba,
425 4075 511 4125 Tacd
530 4070 617 4134 (codd.
638 4074 754 4126 Oudend.
772 4076 805 4124 ad
825 4074 921 4139 Appul.
943 4080 1046 4124 metam.
1067 4089 1091 4137 p.
1114 4073 1184 4137 180.)
1213 4074 1279 4126 Her-

156 4134 215 4198 cule,
230 4132 260 4198 β.
278 4179 309 4188 -
328 4154 383 4202 non,
397 4156 439 4190 ac.
463 4157 530 4202 nuno,
543 4142 597 4192 To.
616 4183 647 4191 -
671 4141 758 4202 norint,
770 4160 793 4192 a.
816 4150 908 4204 norant,
925 4144 997 4195 Tcd.
1020 4143 1051 4192 In
1066 4143 1108 4192 his
1124 4143 1206 4194 verbis
1222 4158 1279 4193 cor·

157 4205 257 4270 ruptcla
277 4206 356 4258 latere
375 4208 485 4272 videtur,
508 4224 565 4260 cum
586 4217 641 4262 tota
656 4211 837 4263 enuntiationis
855 4211 1024 4264 conformatio
1041 4211 1126 4278 potin·
1142 4211 1279 4279 positivam
