2896 4800
369 297 440 344 nm.
456 297 506 345 xr.
535 291 771 344 car.nxxv11.
801 293 899 344 sacr.
913 295 1003 340 caua.
1180 275 1241 344 301

124 451 240 516 stumio
269 450 388 516 Albino
413 470 492 537 rege
518 457 789 535 sacrorum-post
821 447 1028 514 centesimam
1057 446 1243 514 vicesimam

123 563 248 618 sextam
274 550 500 638 olympiadem,
528 573 602 617 cum
615 589 617 593 <
629 571 689 616 rex
702 549 837 637 ‚Pyrrus
865 570 906 616 ex
926 547 1020 614 Italia
1040 544 1243 628 decessisset,

122 655 232 720 corin
253 654 336 719 extis
356 652 544 740 haruspices
564 652 724 738 inspicere
754 660 946 738 coeperunt3
981 647 1115 715 Caesari
1142 649 1243 715 dicta·

122 756 193 834 tori,
215 777 279 841 quo
300 755 352 820 die
373 754 515 839 primum
535 764 625 820 veste
646 776 811 841 purpurea
831 752 989 841 processit
1006 762 1103 838 atque
1117 752 1152 816 in
1167 751 1245 816 sella

121 879 217 922 aurea
246 855 339 935 sedit,
369 854 560 922 sacrificanti
585 856 692 922 bisin
713 856 798 922 extis
820 855 934 922 defuit
972 853 1071 920 Unde
1099 853 1245 939 quaestio
1259 868 1306 916 ret

120 979 238 1044 magna
259 958 300 1024 de
326 957 520 1024 divinatione
547 957 859 1044 argumentantibus,
886 954 1067 1045 potueritne
1096 956 1166 1022 sine
1190 955 1245 1022 illc

120 1058 242 1125 viscere
270 1059 376 1125 hostia
401 1059 513 1126 vivere
537 1081 579 1123 an
606 1059 649 1154 ad
670 1068 800 1146 tempus
822 1058 973 1125 amiserit.
1007 1055 1153 1146 Negatur
1174 1078 1244 1123 cre·

120 1161 200 1226 mari
227 1183 323 1247 posse
349 1161 388 1226 in·
412 1162 453 1227 iia
481 1161 537 1246 qui
566 1161 714 1228 cardiaco
738 1156 852 1228 morbo
874 1159 1026 1237 obierint3
1054 1169 1192 1246 negatur
1208 1161 1246 1224 ‘et

119 1254 474 1349 venancinteremptis.
500 1261 597 1330 Certe
620 1273 725 1329 exstat
745 1263 848 1330 oratio
868 1261 980 1330 Vitelli
1002 1282 1068 1347 qua
1080 1282 1172 1327 reum
1185 1259 1243 1325 Pi-

121 1385 230 1428 sonem
253 1366 322 1431 eius
344 1365 474 1431 sceleris
496 1365 655 1452 coarguit,
676 1365 737 1431 hoc
758 1388 838 1431 usus
861 1374 1051 1451 argumento
1073 1365 1244 1450 palamque

120 1475 255 1531 testatus
284 1489 350 1532 non
377 1467 523 1554 potuisse
551 1467 593 1533 ob
614 1456 774 1533 venenum
801 1489 858 1533 cor
884 1464 1071 1533 Germanici
1094 1464 1244 1532 Caesaris
1326 1536 1332 1549 ,

122 1569 255 1633 eremari
261 1594 271 1648 3
295 1581 406 1635 contra
426 1591 544 1657 genere
566 1569 669 1635 morbi
691 1568 843 1636 defensus
865 1579 914 1635 est
935 1567 1024 1634 Piso.

138 1670 214 1733 12.
249 1664 320 1735 Sub
347 1692 386 1736 eo
412 1671 521 1756 pulmo
548 1681 597 1736 eet
623 1670 828 1756 spirandique
857 1670 988 1736 officina
1016 1667 1177 1734 attrahens
1204 1688 1244 1733 ac
1257 1682 1306 1729 188

120 1769 258 1836 reddens
279 1771 428 1850 animam,
450 1770 572 1837 idcirco
594 1792 796 1859 spongeosus
818 1794 856 1836 ao
876 1768 993 1836 fistulis
1013 1769 1165 1835 inanibus
1188 1791 1243 1834 ca·

120 1895 188 1938 vos.
224 1872 336 1938 Pauca
357 1894 440 1951 eum,
460 1883 500 1937 ut
521 1873 644 1938 dictum
666 1881 727 1950 cst,
749 1870 871 1937 habent
891 1871 1053 1955 aquatilia,
1076 1893 1114 1935 ac
1136 1880 1244 1936 cetera

120 1992 182 2037 ova
202 1974 362 2057 parientia
377 1974 542 2062 exiguum,
564 1994 752 2060 spumosum
766 1995 827 2039 nec
842 1973 1067 2060 sanguineum
1090 1971 1165 2037 ideo
1178 1991 1244 2036 non

122 2074 246 2140 sitiunt.
269 2074 397 2141 Eadem
413 2086 463 2141 est
477 2097 585 2153 causa,
607 2097 709 2161 quare
731 2074 792 2140 sub
814 2094 898 2158 aqua
918 2073 975 2137 diu
995 2093 1094 2137 ranae
1115 2082 1148 2137 ct
1160 2071 1244 2159 pho·

120 2199 177 2243 cae
198 2178 376 2243 urinentur.
399 2175 545 2242 Testudo
567 2198 704 2261 quoque,
727 2174 873 2260 quamvis
887 2173 1122 2260 praegrandem
1137 2184 1170 2238 et
1183 2173 1245 2240 sub

121 2288 189 2342 toto
211 2279 385 2363 tegimento
406 2276 534 2355 habeat,
563 2276 630 2342 sine
658 2277 816 2365 sanguine
839 2287 946 2341 tamen
966 2274 1073 2340 habet.
1112 2273 1245 2357 Quanto

64 2420 66 2423 -
119 2379 223 2444 minor
235 2380 288 2444 hic
302 2378 499 2466 corporibus,
522 2387 609 2445 tanto
624 2378 777 2444 velocitas
791 2378 902 2444 maior.
926 2374 1153 2444 Chamaeleoni
1166 2399 1242 2464 por-

121 2481 205 2546 tione
227 2503 397 2546 maxumus
417 2491 450 2546 et
470 2478 551 2546 nihil
571 2480 659 2546 aliud
679 2480 777 2547 intus.

163 2584 213 2647 73.
235 2582 331 2650 Iecur
351 2583 386 2648 in
408 2583 539 2648 dextera
560 2593 653 2668 parte
676 2592 733 2662 est,
755 2583 790 2649 in
811 2604 852 2649 eo
873 2582 960 2668 quod
980 2591 1079 2668 caput
1093 2592 1242 2648 extorum
1256 2595 1305 2640 189

118 2695 243 2764 vocant,
273 2707 409 2774 magnae
430 2683 605 2750 varietatis.
641 2685 689 2750 M.
711 2683 867 2752 Marcello
888 2683 974 2750 circa
994 2691 1140 2762 mortem,
1169 2706 1242 2750 cum

118 2785 213 2872 periit
234 2787 275 2853 ab
294 2785 489 2866 Hannibale,
513 2787 615 2853 defuit
634 2787 669 2853 in
691 2787 776 2854 extis
782 2812 792 2864 3
816 2787 962 2872 sequenti
984 2784 1100 2852 deinde
1115 2785 1168 2851 die
1181 2809 1240 2874 ge-

118 2887 240 2953 minum
266 2897 429 2974 repertum
456 2899 515 2953 est.
551 2887 665 2953 Defuit
691 2897 724 2952 et
751 2885 790 2953 C.
817 2887 942 2966 Mario,
973 2908 1046 2951 cum
1073 2886 1241 2954 inmolaret

25 3014 28 3020 ⁴
119 2987 247 3065 Uticae,
270 2988 348 3052 item
364 2987 447 3054 Gaio
469 2988 610 3073 principi
631 2988 779 3054 kalendis
793 2987 933 3067 Ianuari,
957 3010 1031 3053 cum
1052 2987 1149 3060 iniret
1164 3011 1240 3054 con-

118 3089 257 3154 sulatum
283 3110 348 3173 quo
374 3111 457 3154 anno
484 3089 673 3154 interfectus
701 3099 766 3167 est,
801 3086 939 3156 Claudio
967 3090 1145 3172 successori
1171 3089 1241 3153 eius

118 3212 183 3274 quo
204 3211 314 3256 mense
335 3190 548 3277 interemptus
579 3198 629 3255 est
657 3210 789 3257 veneno.
824 3187 915 3255 Divo
935 3189 1090 3277 Augusto
1112 3186 1241 3273 Spoleti
1255 3200 1304 3246 190

117 3399 154 3447 dl.
176 3398 284 3463 aequati,
300 3401 339 3449 d².
361 3407 484 3466 angustos,
501 3396 553 3467 fir.
575 3441 607 3451 ..
631 3407 713 3466 capto,
730 3401 754 3450 d.
777 3407 880 3467 captam,
892 3399 924 3451 R.
944 3440 975 3450 ..
993 3396 1087 3462 viventi,
1099 3389 1240 3450 RO'I'Kd.

116 3481 190 3513 causa
201 3464 304 3528 videnda',
315 3462 344 3528 β.

151 3546 166 3607 §
180 3553 236 3599 188.
254 3566 352 3610 stenima,
365 3553 396 3602 T.
415 3593 447 3602 ..
463 3552 589 3617 pinguedo,
602 3555 654 3604 Td.
672 3594 704 3602 -
722 3551 841 3616 quaedem
853 3560 894 3614 eat,
906 3552 986 3603 R'Id.
1005 3558 1041 3600 est
1050 3549 1175 3615 quaedam,
1187 3545 1238 3613 βγ.

116 3655 148 3664 ..
167 3613 199 3665 L.
211 3615 332 3665 Postumio
343 3615 439 3678 Albino,
450 3620 564 3681 Barbar,
576 3620 648 3670 cuine
659 3621 733 3669 codd.
756 3620 788 3669 L.
800 3619 888 3669 Albino
899 3621 941 3668 vel
952 3616 991 3668 M.
1002 3617 1124 3668 Postumio
1135 3619 1237 3667 habent.

116 3681 148 3730 L.
166 3681 287 3732 Postumio
303 3681 335 3733 L.
358 3683 461 3746 Albino,
477 3686 530 3736 Rd.
560 3687 605 3736 An
620 3687 688 3736 Plin.
718 3686 749 3736 L.
770 3687 801 3736 F.
821 3685 909 3735 Albino
932 3686 1048 3749 scripsit?
1076 3725 1108 3734 ..
1138 3691 1238 3745 satam,

115 3742 244 3819 ROTur.
273 3746 417 3812 tertt'cm,ss.
444 3792 476 3800 ...
504 3750 691 3814 ἅεοοεώεεῌὶ
717 3751 871 3815 decessisset,
884 3747 957 3816 dssr.
984 3792 1016 3807 ,.
1043 3749 1140 3812 insedit,
1153 3753 1185 3800 K.
1205 3790 1237 3800 .-

115 3816 267 3882 raonficaati
277 3817 324 3880 bt's3
336 3833 382 3883 pro
394 3819 435 3868 his
447 3833 485 3868 vv.
498 3819 594 3869 habent
605 3819 795 3881 sacrficaatibua
805 3822 859 3872 Rd.

151 3905 165 3964 ξ
179 3907 235 3955 187.
254 3901 302 3965 illo,
314 3903 345 3952 R.
372 3901 428 3959 allo,
440 3905 455 3952 d
460 3898 490 3964 β
508 3904 542 3954 V.
555 3903 636 3955 Cicer.
649 3904 680 3955 dc
692 3904 801 3955 diuma
815 3910 856 3967 52,
870 3909 927 3955 119.
950 3944 982 3953 ..
1011 3901 1120 3963 cmt'sert't,
1131 3902 1184 3951 Rd.
1203 3944 1235 3952 -

116 3967 251 4033 Nequiter,
263 3975 287 4022 d.
307 4013 338 4022 -
356 3978 480 4036 nequatur,
491 3971 523 4021 R.

151 4055 165 4116 ς
180 4059 235 4104 188.
255 4054 341 4118 Super,
354 4056 441 4105 Dalec.
459 4056 493 4106 V.
505 4055 613 4108 Aristct.
624 4064 689 4121 part.
700 4057 779 4108 anim.
790 4064 814 4120 8,
828 4063 851 4108 8.
872 4098 905 4108 ..
928 4065 954 4106 at
965 4055 1050 4106 dictum
1062 4063 1097 4104 eat
1112 4062 1135 4120 9,
1150 4063 1189 4108 16.
1203 4097 1236 4107 -

116 4135 147 4168 ac
159 4127 243 4182 cetera,
255 4123 308 4172 Rd.
326 4130 350 4170 et
360 4130 411 4185 cet,
423 4125 454 4174 Τ.
472 4132 499 4173 at
510 4131 561 4186 cet,
572 4125 662 4175 Delec.
674 4139 699 4190 γ.

149 4202 164 4265 δ
180 4210 236 4255 lec.
259 4203 365 4268 dealem,
376 4208 432 4259 Rd.
454 4205 549 4270 dentre,
565 4204 617 4273 βγ.
635 4208 695 4260 Vid.
707 4208 814 4260 Aristct.
827 4209 886 4261 hist.
899 4209 976 4260 anim.
990 4215 1012 4272 1,
1026 4212 1065 4261 11.
1076 4225 1101 4274 p.
1115 4208 1181 4262 4861)
1196 4216 1235 4260 16.

116 4313 148 4322 -
170 4269 246 4336 defuit
262 4270 286 4322 in
302 4272 378 4337 exitu,
393 4291 413 4325 r.
433 4315 463 4325 ..
481 4273 591 4340 Ianuari,
603 4275 648 4328 12².
669 4275 790 4342 maara,
801 4279 846 4330 R¹.
868 4275 989 4342 lmcaritt,
1000 4279 1025 4327 d.
1041 4274 1172 4340 Ianuariis,
1184 4272 1237 4342 βγ.
