2896 4800
190 240 255 307 402
544 249 749 300 naumis
770 245 968 298 merosum

193 418 313 486 stuum,
334 425 400 472 non
420 402 589 489 frigorum,
609 423 674 468 non
695 398 889 488 grandinum
911 408 969 465 aut
988 396 1073 464 nivis
1092 397 1243 466 iniuriam
1257 420 1319 468 ex·

182 507 353 597 'pavescit3
382 505 482 572 adicit
502 503 670 590 Hyginus,
695 524 738 568 ne
759 502 900 568 hostium
926 500 1057 585 quidem
1084 510 1219 588 propter
1243 501 1320 567 nul.

191 613 255 679 lam
276 609 415 699 gratiam
434 605 525 694 ligni.

233 710 351 778 XXV.
373 710 427 777 48.
452 708 640 774 Nascuntur
662 715 695 772 ct
715 704 750 771 in
770 704 852 771 mari
872 705 1004 772 frutices
1026 705 1233 790 arboresque,
1255 707 1319 772 mi-
1336 725 1383 770 tas

191 835 288 879 nores
319 812 355 876 in
386 820 516 889 nostro;
549 809 685 875 nubtum
715 807 801 873 enim
832 817 865 873 ct
896 816 983 873 totus
1016 806 1151 873 orientis
1177 830 1321 874 oceanus

190 915 328 981 refertus
356 911 455 978 silvis.
490 909 564 976 Non
593 909 690 976 habet
714 910 827 996 lingua
852 908 915 973 alia
935 931 1063 986 nomen,
1089 910 1176 993 quod
1198 907 1321 976 Graeci

192 1026 311 1084 uocant
330 1015 464 1102 phycos,
485 1011 636 1097 quoniam
657 1012 732 1098 alga
752 1011 924 1077 herbarum
937 1010 1042 1097 magis
1061 1011 1253 1078 vccabulum
1266 1012 1320 1076 in-

192 1117 366 1207 tellegitur,
394 1116 448 1180 liic
469 1124 578 1181 autem
599 1124 648 1179 est
669 1113 787 1179 frutex.
822 1113 918 1178 Folia
937 1114 1004 1179 lata
1024 1113 1129 1180 colore
1149 1112 1245 1179 viridi
1266 1115 1319 1202 gi-

191 1222 274 1312 gnit,
295 1219 382 1305 quod
396 1217 528 1303 quidam
541 1239 661 1304 prason
674 1224 800 1294 vocant,
823 1215 878 1282 alii
892 1225 1028 1281 zostera.
1051 1215 1201 1281 Alterum
1213 1238 1320 1303 genus
1334 1233 1384 1277 tas

191 1324 337 1391 eiusdem
365 1319 537 1405 capillaceo
562 1317 651 1396 folio,
679 1317 781 1383 simile
808 1317 958 1396 feniculo,
987 1317 1023 1381 in
1050 1315 1138 1382 saxis
1162 1316 1319 1396 nascitur,

192 1425 340 1512 superius
361 1422 395 1487 in
416 1421 509 1487 vadis
529 1419 618 1484 haud
637 1419 750 1506 procul
770 1419 873 1498 litore,
894 1428 1067 1502 utrumque
1081 1439 1190 1497 verno,
1212 1427 1247 1486 et
1264 1417 1319 1488 in·

193 1527 267 1593 terit
288 1533 453 1589 autumno.
483 1519 581 1586 Circa
603 1517 736 1584 Cretam
758 1519 898 1585 insulam
918 1530 995 1586 nato
1015 1521 1050 1585 in
1069 1519 1171 1606 petris
1191 1541 1318 1608 purpu-

193 1650 249 1693 ras
271 1644 399 1711 quoque
413 1622 572 1701 inficiunt,
594 1620 817 1686 laudatissimo
836 1643 857 1685 a
876 1631 969 1707 parte
991 1621 1146 1706 aquilonis
1166 1631 1204 1687 ut
1217 1643 1318 1707 spon-

193 1727 274 1818 geis.
298 1725 445 1793 Tertium
466 1733 517 1790 est
538 1722 677 1813 gramini
698 1722 813 1802 simile,
842 1722 951 1788 radice
972 1724 1156 1810 geniculata
1173 1734 1207 1789 ct
1226 1723 1320 1790 caule

194 1827 334 1915 qualiter
355 1826 480 1893 calami.

235 1930 289 1995 49.
320 1929 423 1997 Aliud
448 1950 552 2017 genus
577 1927 731 1994 fruticum
756 1927 861 2014 bryon
887 1937 1032 2007 vocatum,
1059 1926 1137 1993 lolio
1160 1925 1317 2007 lactucae,
1333 1942 1383 2015 rat

193 2033 361 2119 rugosiore
389 2043 531 2111 tantum,
559 2031 624 2097 iam
650 2030 713 2097 hcc
738 2030 875 2096 interius
902 2051 1039 2094 nascens
1046 2051 1056 2106 ;
1088 2028 1123 2095 in
1148 2028 1214 2095 alto
1240 2050 1319 2095 vero

194 2131 284 2198 abies
306 2145 340 2201 et
361 2155 498 2218 quercus
519 2131 651 2198 cubitali
672 2131 860 2210 altitudine3
889 2131 988 2196 ramis
1011 2130 1319 2197 earumadhaerent

194 2236 345 2303 conchae.
383 2235 517 2319 Quereu
546 2245 579 2301 et
604 2234 710 2322 tingui
736 2234 827 2299 lanas
853 2233 1003 2311 tradunt3
1036 2233 1189 2321 glandem
1220 2232 1319 2299 etiam

194 2338 352 2420 quasdam
373 2339 459 2405 ferre
480 2338 514 2402 in
536 2337 620 2415 altc;
648 2335 815 2424 naufragis
835 2335 916 2401 haec
938 2333 1139 2420 deprehensa
1158 2334 1319 2401 urinanti-

193 2437 331 2523 busqnc.
352 2438 401 2504 Et
421 2439 503 2505 aliae
525 2437 694 2503 traduntur
714 2437 934 2525 praegrandes
956 2436 1043 2511 circa
1056 2433 1245 2522 Sicyonem
1266 2436 1384 2502 vi-138

195 2544 236 2602 tis
256 2539 342 2605 enim
362 2539 484 2627 passim
504 2541 658 2618 nascitur,
681 2539 740 2605 sed
759 2539 840 2605 ficus
863 2539 934 2605 sine
955 2537 1051 2618 foliis,
1072 2539 1171 2606 rubro
1186 2538 1319 2606 cortice.

195 2781 228 2793 ..
241 2779 282 2804 ..,
290 2751 390 2809 propter
401 2743 472 2809 quod.
492 2745 528 2796 Et
538 2745 593 2810 ipse
604 2745 654 2801 loci
667 2745 768 2796 habitus
779 2746 854 2796 docet
863 2747 982 2797 lacunam
994 2747 1037 2798 hic
1049 2761 1104 2798 esse
1116 2746 1319 2811 agnoscendam

194 2826 255 2861 nam
266 2811 321 2876 ipse
332 2828 441 2877 magnus
453 2815 520 2864 casei
531 2822 668 2878 proventus
680 2812 778 2863 efficere
789 2829 842 2863 non
852 2816 944 2878 potuit,
957 2822 987 2864 ut
997 2815 1096 2865 Plinius
1108 2816 1216 2878 cytisum
1226 2814 1253 2862 in
1264 2812 1319 2863 Ita·

194 2879 231 2928 lia
241 2895 326 2930 rarum
343 2896 397 2931 esse
413 2883 553 2932 miraretur.
578 2881 646 2942 Quid
663 2890 748 2931 autem
764 2881 818 2931 iere
840 2883 971 2944 exstiterit,
988 2883 1056 2932 clare
1071 2885 1147 2933 docet
1164 2882 1318 2943 Columella,

194 2948 263 2997 unde
274 2949 339 3001 haec
354 2949 455 3001 Plinius
466 2949 584 3014 sumpsit,
597 2951 641 3013 qui
651 2951 686 3001 V.
700 2955 740 3009 12,
753 2956 785 3010 2,
797 2958 933 3014 postquam
943 2951 1014 3000 varia
1025 2951 1097 3014 cytisi
1109 2952 1245 3006 commoda
1255 2962 1318 2999 enn-

194 3017 309 3077 metavit,
321 3017 359 3067 ita
375 3017 470 3083 pergite
488 3025 618 3082 praetereo
633 3016 658 3067 ic
675 3016 778 3082 quolibet
793 3033 853 3082 apro
868 3017 976 3082 quamvis
990 3017 1130 3067 macerrimo
1141 3017 1247 3067 celeriter
1257 3032 1320 3066 ccm-

190 3081 325 3148 prclendit
341 3101 430 3135 omnem
442 3084 557 3135 iniuriam
568 3085 619 3134 sice
631 3102 695 3136 acac
703 3086 806 3150 potitur.
824 3087 872 3138 His
884 3087 938 3135 iam
949 3087 1050 3149 egregie
1061 3087 1200 3137 concinunt
1211 3099 1321 3149 eaquae
1378 3132 1382 3137 .

195 3155 264 3216 apud
274 3154 389 3204 Plinium
405 3155 491 3205 statim
509 3160 657 3217 sequuntur,
675 3155 711 3204 ita
721 3162 751 3204 ut
761 3154 815 3204 fere
826 3155 889 3204 talia
900 3155 1050 3212 exciderint:
1069 3169 1161 3218 magna
1171 3153 1246 3202 manis
1256 3152 1320 3202 inia-

194 3218 247 3284 rioe
260 3219 389 3284 patientia.
410 3224 445 3272 Et
459 3223 610 3286 patientiam
626 3222 761 3286 opacitatis
777 3223 879 3285 quidem
895 3223 973 3273 etiam
988 3223 1127 3284 spadoniae
1147 3221 1236 3271 tribuit
1250 3222 1320 3271 Plin.

196 3292 238 3348 te,
257 3293 313 3339 leo.
332 3329 365 3406 .c.
386 3305 432 3338 aon
447 3288 601 3353 qrondiuum,
618 3305 669 3340 om.
687 3290 718 3340 Τ.
741 3330 774 3342 ..
797 3305 827 3338 ae
842 3297 946 3339 noceam
963 3287 1065 3353 quidem,
1082 3289 1190 3341 sumas.
1206 3290 1238 3337 de
1254 3289 1320 3350 hyle

214 3362 325 3406 .102.a
362 3391 369 3406 .

194 3369 246 3484 p}
259 3428 316 3472 135.
334 3423 445 3487 refertus,
457 3425 504 3473 ad.
521 3423 625 3488 rqsertus
636 3431 679 3487 est,
690 3420 741 3489 βγ.
760 3425 880 3475 Ceterum
890 3439 915 3474 v.
927 3425 1059 3489 Theophr.
1071 3423 1099 3474 h.
1109 3423 1145 3486 pl.
1154 3421 1202 3472 IV.
1212 3427 1236 3484 6,
1246 3427 1270 3472 2.
1283 3462 1317 3471 -

195 3487 289 3551 temet,
305 3492 350 3539 ad.
369 3531 401 3540 -
424 3489 499 3550 daila,
516 3508 539 3541 a
563 3489 637 3552 Mela,
651 3493 675 3541 d.
693 3533 725 3542 ..
748 3490 786 3541 tte
801 3492 1058 3557 outemsruteasols'o,
1072 3491 1163 3543 Delec.
1186 3531 1219 3540 ..
1245 3487 1321 3539 Folia

196 3556 256 3618 lata,
269 3559 293 3608 d.
310 3556 380 3607 Folio
392 3556 448 3619 loto,
461 3559 512 3609 Ta.
530 3599 562 3609 -
582 3575 656 3622 quem,
667 3561 757 3610 Dalec.
769 3569 795 3610 et
806 3561 926 3612 Schneid.
937 3575 1012 3611 curae
1023 3567 1128 3625 postem.
1141 3559 1174 3609 ad
1185 3559 1320 3623 Theophr.

194 3626 222 3676 h.
234 3626 269 3690 pl.
282 3624 330 3675 IV.
344 3632 367 3687 6,
380 3633 404 3675 2.
416 3628 447 3677 Τ.
459 3627 495 3677 Π.
507 3643 533 3692 p.
545 3634 604 3680 ten.
622 3667 655 3677 -
669 3644 770 3692 mosea,
781 3629 886 3679 Barbar.
903 3620 1011 3693 qiussca,
1023 3630 1068 3679 ad.

230 3692 316 3754 §lec
343 3691 445 3742 eusdem
459 3711 541 3760 penas,
557 3697 582 3747 d.
599 3736 632 3746 ..
654 3695 747 3746 invadit
762 3704 813 3759 out,
829 3698 874 3746 ad.
892 3735 924 3746 .-
947 3703 1070 3759 utramque
1085 3711 1165 3757 cerae,
1181 3696 1226 3745 ad.
1247 3708 1320 3742 cereso

195 3767 326 3826 ulnamque,
337 3757 388 3826 βγ.
410 3763 494 3813 Multa
505 3765 532 3813 h.
543 3765 561 3813 l.
574 3765 708 3814 desiderari
719 3765 834 3815 aitPina
852 3804 884 3815 ..
909 3778 999 3827 quoque
1010 3761 1128 3827 inficiant,
1139 3778 1162 3814 a.
1185 3760 1318 3823 conficiunt,

185 3829 221 3891 vd.
239 3869 271 3880 ..
290 3837 323 3890 at,
339 3830 407 3880 Pint.
425 3838 451 3880 ct
468 3830 587 3881 Schneid.
604 3832 623 3880 l.
639 3833 657 3881 l.
669 3832 718 3882 IV.
731 3839 755 3894 6,
768 3839 791 3882 6.
803 3834 835 3882 Τ.
847 3831 882 3887 11.
895 3846 920 3895 p.
933 3837 991 3882 484.
1013 3839 1064 3894 out,
1076 3831 1169 3882 suad
1180 3827 1237 3892 (lib.
1250 3828 1318 3890 cpti-

195 3910 253 3946 mns
265 3913 306 3960 ap.
318 3897 399 3948 Salm.
411 3913 493 3948 exerc
505 3914 531 3962 p.
544 3905 602 3950 866.
614 3901 639 3950 b.
650 3897 699 3963 A.)
709 3914 735 3966 γ.
753 3907 796 3949 cut
806 3915 866 3962 mm,
877 3901 982 3951 Barbas.
993 3895 1022 3963 β.
1041 3938 1075 3949 ..
1091 3897 1208 3964 qumque,
1220 3895 1318 3947 S'l'ad.

196 3964 317 4026 spongiae,
329 3964 373 4015 lib.
387 3967 500 4030 optimus
512 3964 620 4017 Salmas.
690 4019 692 4024 ,

231 4028 246 4089 §
260 4035 316 4082 1³7.
340 4032 364 4081 in
377 4040 448 4095 tenc,
460 4035 565 4085 Barbas.
588 4034 707 4086 Ceterum
717 4050 742 4086 v.
754 4035 885 4100 Theophr.
896 4036 923 4086 h.
935 4035 970 4100 pl.
983 4033 1031 4085 1v.
1045 4041 1068 4095 6,
1082 4040 1106 4084 6.
1125 4074 1157 4083 ..
1179 4038 1319 4087 anacteas.

197 4132 229 4144 ..
248 4104 278 4157 et,
296 4098 369 4149 Tad.
392 4101 472 4159 etiam,
487 4098 517 4164 β.
536 4142 568 4153 ..
592 4100 663 4164 linas,
679 4105 738 4154 ad¹.
756 4143 789 4154 ..,
812 4103 968 4153 edmundus.
984 4117 1047 4166 quae
1062 4109 1094 4164 et,
1110 4116 1133 4151 a
1162 4097 1319 4150 maenadas.

201 4160 325 4220 &molem
335 4173 366 4243 et,
378 4170 402 4218 d.
420 4169 548 4233 naufragat
558 4168 758 4235 concutiturque
768 4170 873 4233 et-ad'ae,
884 4172 952 4222 Pint
963 4171 1053 4221 mediis
1064 4170 1174 4221 omissis.

229 4231 245 4294 ς
259 4235 315 4282 138.
333 4233 396 4298 atis,
406 4238 479 4288 codd.
491 4237 606 4291 Barbari.
626 4237 687 4304 cilis,
700 4242 744 4291 ad.
763 4279 795 4290 -
817 4237 862 4288 sed
871 4246 902 4304 ct,
912 4239 946 4290 Κ.
964 4277 996 4291 ..
1011 4237 1086 4300 ficet,
1098 4237 1145 4290 aK
1154 4233 1244 4302 (mdc
1254 4235 1320 4287 Ber·
