2896 4800
331 258 401 303 nm.
417 258 477 327 xv.
500 255 806 303 .cm².-xx1x.xxx.
835 252 933 300 saon.
949 253 1040 297 sono.
1184 238 1245 302 481

71 438 88 463 r
122 411 256 477 eandem
278 429 350 474 esse
372 417 405 472 et
427 429 520 471 suum
542 429 646 495 genus
668 406 777 494 regiae
802 404 924 470 faciunt
944 405 1145 491 longioribus
1164 406 1247 472 foliis

121 510 369 593 latioribusque3
399 507 498 573 iidem
523 510 558 574 in
580 509 641 574 alio
663 522 781 596 genere
801 505 960 572 bacaliam
981 508 1145 593 appellant
1164 507 1248 572 hanc

121 635 206 698 quae
227 610 447 697 volgatissima
467 620 518 675 est
538 610 754 693 bacarumque
775 608 973 673 fertilissima
979 633 988 685 3
1013 609 1153 675 sterilem
1171 633 1247 676 vero
1262 645 1309 692 130

122 738 242 793 earum,
258 715 345 799 quod
358 735 507 778 maxume
521 713 628 791 miror,
644 711 867 798 triumphalem
887 733 987 794 eaque
1009 710 1119 777 dicunt
1133 711 1247 776 trium-

122 818 250 904 phantis
272 817 331 894 uti,
353 815 415 880 nisi
436 815 471 879 id
491 838 512 880 a
533 815 607 880 divo
621 814 774 902 Augusto
796 813 912 898 coepit,
936 823 972 878 ut
986 812 1184 891 docebimus,
1206 834 1248 878 ex

123 941 162 985 ca
182 919 275 984 lauru
296 940 378 1002 quae
400 917 430 982 ei
451 918 550 983 missa
573 939 591 981 e
612 917 701 982 caelo
725 926 783 994 est,
806 914 949 980 minuma
971 914 1149 993 altitudine,
1170 914 1247 982 folio

123 1021 245 1106 crispo,
266 1019 372 1097 brevi,
395 1019 528 1084 inventu
549 1040 632 1082 rara.
669 1006 809 1082 Accedit
828 1017 864 1081 in
885 1015 1020 1102 topiario
1042 1038 1139 1102 opere
1160 1026 1246 1095 taxa,

123 1131 329 1187 excrescente
350 1120 385 1185 in
406 1120 511 1185 medio
533 1119 610 1185 folio
623 1120 764 1205 'parvolo
785 1117 886 1183 veluti
905 1117 1022 1183 lacinia
1041 1117 1110 1196 toli,
1132 1128 1166 1183 et
1180 1119 1247 1183 sine

123 1245 162 1289 ea
184 1222 337 1307 spadonia
358 1220 439 1286 mira
458 1221 624 1308 opacitatis
639 1220 809 1307 patientia3
832 1224 941 1304 itaque
956 1219 1174 1304 quantalibeat
1186 1219 1247 1285 sub

122 1322 238 1390 umbra
260 1323 363 1388 solum
383 1323 496 1409 inplet.
531 1322 595 1388 Est
616 1332 647 1387 et
669 1320 930 1408 chamaedaphne
952 1321 1105 1387 silvestris
1128 1322 1247 1399 frutex,
1263 1362 1308 1407 13,

122 1435 155 1490 et
175 1423 395 1490 Alexandrina
422 1445 520 1507 quam
546 1423 646 1508 aliqui
673 1423 822 1502 Idaeam,
850 1423 905 1487 alii
926 1422 1166 1512 hypoglottion,
1194 1423 1248 1489 alii

122 1527 261 1604 danaen,
284 1525 339 1591 alii
361 1525 600 1612 carpophyllon,
623 1524 677 1588 alii
691 1524 864 1609 hypelaten
878 1535 1012 1601 vocant3
1034 1547 1140 1591 ramos
1155 1547 1246 1611 spar-

121 1628 171 1715 git
198 1627 350 1693 aradios
377 1627 583 1705 dodrantalis,
613 1625 741 1712 topiarii
767 1647 805 1690 ac
831 1626 989 1691 coronarii
1018 1626 1140 1713 operis,
1170 1627 1248 1693 folio

120 1729 261 1793 acutiore
276 1750 374 1812 quam
392 1729 499 1813 myrti,
522 1727 664 1793 molliore
679 1737 712 1793 et
727 1726 913 1793 candidiore
927 1738 959 1792 et
972 1729 1103 1806 maiore,
1127 1729 1247 1794 semine

119 1829 203 1895 inter
223 1830 300 1895 folia
320 1829 434 1906 rubro;
462 1829 625 1914 plumma‘
637 1827 672 1892 in
692 1827 754 1891 Ida
775 1837 808 1892 et
828 1827 916 1892 circa
936 1826 1131 1894 Heracleam
1151 1828 1248 1893 Ponti

120 1952 180 1995 nec
200 1930 263 1994 nisi
283 1930 318 1994 in
338 1928 527 1994 montuosis.
563 1927 605 1993 Id
626 1949 754 2012 quoque
782 1928 871 2011 quod
892 1928 1091 2013 daphnoides
1112 1941 1311 2023 vocatur132

121 2053 224 2117 genus
245 2031 280 2094 in
300 2029 466 2095 nominum
487 2028 612 2094 ambitu
632 2039 698 2105 est3
721 2028 776 2094 alii
798 2028 882 2094 enim
902 2028 1089 2116 Pelasgum,
1112 2031 1166 2095 alii
1189 2054 1246 2098 eu-

121 2133 246 2210 thalon,
276 2131 330 2196 alii
357 2131 535 2217 stephanon
562 2131 741 2196 Alexandri
768 2140 892 2196 vocant.
928 2130 974 2195 Et
994 2131 1047 2197 hic
1066 2133 1176 2198 frutex
1198 2144 1248 2199 est

120 2256 282 2312 ramosus,
305 2233 460 2298 crassiore
481 2255 520 2297 ac
540 2231 683 2298 molliore
704 2253 801 2314 quam
821 2231 932 2297 laurus
952 2233 1042 2311 folio,
1071 2233 1162 2298 cuius
1184 2257 1246 2320 gu-

123 2346 209 2400 statu
235 2334 428 2400 accendatur
453 2356 489 2399 os
512 2343 609 2417 atque
630 2342 757 2420 guttur,
787 2331 876 2398 bacis
899 2354 916 2398 e
938 2333 1030 2420 nigro
1051 2334 1139 2399 rufis.
1176 2333 1245 2399 No-

122 2447 223 2502 tatum
244 2435 387 2520 antiquis
408 2434 531 2499 nullum
559 2456 663 2522 genus
683 2433 793 2499 laurus
813 2433 848 2498 in
870 2430 1003 2499 Corsica
1025 2435 1137 2512 inisse,
1159 2435 1246 2518 quod

120 2561 206 2604 nunc
228 2549 333 2603 satum
354 2546 387 2603 et
407 2536 453 2602 ibi
475 2535 634 2622 provenit.

162 2643 215 2706 40.
244 2639 323 2726 Ipsa
343 2638 497 2725 pacifera,
519 2648 674 2722 utquam
694 2637 862 2723 praetendi
884 2639 980 2705 etiam
1001 2639 1084 2706 inter
1105 2649 1245 2706 armatos
1261 2695 1290 2738 13

119 2741 220 2807 hostis
242 2740 359 2826 quietis
383 2741 426 2806 sit
445 2739 619 2819 indicium3
649 2739 804 2805 Romanis
829 2742 1000 2828 praecipue
1026 2743 1168 2809 laetitiae
1195 2743 1244 2808 vi-

121 2844 356 2926 ctoriarumque
378 2841 492 2907 nuntia
513 2841 642 2906 additur
661 2841 778 2907 fitteris
799 2853 831 2907 et
851 2842 989 2908 militum
1010 2845 1129 2911 lanceis
1153 2846 1243 2932 pilis-

1293 2696 1309 2739 3

153 3050 239 3112 1131.
257 3055 281 3097 et
296 3047 376 3110 Alea,
388 3053 431 3101 ad.
453 3046 501 3099 Eat
512 3048 625 3111 etAlea„
641 3051 715 3100 codd.
730 3048 845 3111 Barbari,
861 3046 913 3114 βγ.
932 3085 964 3101 ..n
979 3049 1058 3112 'deora
1077 3050 1101 3101 d.
1121 3093 1152 3101 ..
1170 3051 1244 3116 hypo*

118 3115 226 3181 plottion,
237 3117 316 3167 Hard.
338 3115 494 3182 lypoqlottora
512 3118 620 3170 Salmas.
637 3132 719 3167 exerc.
731 3134 757 3182 p.
770 3120 827 3168 286.
841 3134 863 3167 a.
875 3119 910 3167 A.
933 3116 1110 3183 hippophttcbn,
1121 3114 1192 3181 adst.
1211 3159 1243 3168 -

120 3176 223 3244 danaen,
236 3184 302 3233 Tad
314 3181 401 3246 (codd.
415 3184 536 3247 Salmas.)
558 3183 691 3248 daphnitia,
703 3179 732 3245 β.
752 3191 783 3234 ..’
802 3180 930 3247 itpelaton,
943 3200 966 3234 a.
991 3184 1122 3248 eupetalos,
1135 3186 1243 3236 Salmas.

120 3292 153 3301 ..
166 3249 327 3313 dodrantarias,
340 3268 362 3302 a.
381 3251 451 3300 cedro
462 3251 593 3314 orientales,
606 3256 629 3302 d.
640 3294 672 3302 ..
683 3252 782 3316 topiarii
792 3268 828 3312 ac,
841 3254 923 3301 omitt.
933 3254 1017 3302 Tadr
1026 3250 1111 3314 (codd.
1122 3252 1243 3316 Salmas.)

118 3334 144 3384 γ.
163 3360 195 3368 -
213 3319 316 3384 myrtice,
337 3336 359 3370 a.
377 3319 491 3384 myrticie,
504 3321 528 3369 d.
546 3361 578 3370 -
596 3328 620 3368 et
635 3320 731 3380 maiore,
746 3321 826 3371 Hard.
846 3321 1013 3375 eanioscor.
1026 3325 1118 3382 4,145.
1146 3321 1243 3380 maiore,

119 3382 185 3448 adst
196 3389 230 3437 ad
247 3387 333 3436 semine
344 3388 488 3438 referentes.
508 3429 539 3437 ..
557 3386 639 3445 India,
651 3390 703 3439 Td.
722 3429 755 3449 ..,
771 3385 917 3450 Heracleon,
929 3404 953 3437 a.
963 3427 995 3436 ..
1014 3383 1047 3451 ia,
1062 3379 1161 3439 onan
1184 3388 1242 3440 Om.

118 3448 147 3516 β.
167 3495 199 3503 ..
217 3454 350 3518 moatnosis,
367 3448 469 3506 orac.
487 3454 604 3519 montosis,
616 3452 645 3518 β.
745 3458 748 3462 ’

152 3553 238 3614 51³2.
262 3553 326 3617 quod
342 3554 496 3619 daphnoides,
513 3558 617 3607 Barbar.
644 3555 709 3619 qaod
724 3555 869 3615 dacaaoides,
882 3573 905 3606 a.
931 3555 1050 3619 qnondam
1065 3557 1191 3619 nvidand.
1209 3591 1242 3607 ἢ.

119 3620 237 3683 eutlahn,
249 3638 272 3670 a.
290 3621 408 3685 captatori,
421 3625 445 3672 d.
464 3622 594 3686 eapemloa,
605 3626 710 3674 Barbar.
722 3619 773 3688 βγ.
797 3625 921 3674 Lectione
933 3626 1024 3687 optimi
1035 3626 1130 3675 codicis
1142 3640 1158 3673 a
1169 3625 1243 3674 nobis

118 3697 219 3752 recepta
234 3690 375 3739 vindicatur
390 3692 504 3754 Etymol.
521 3693 557 3740 M.
572 3708 592 3740 s.
604 3707 627 3739 v.
644 3682 781 3751 Βύβλινος
793 3686 870 3747 οἶνος
886 3706 911 3755 p.
926 3696 982 3753 197,
995 3698 1036 3742 34.
1054 3733 1085 3742 .-
1104 3691 1242 3755 stephanius,

118 3759 192 3806 codd.
205 3756 315 3806 Salmas.
332 3772 413 3806 exerc.
425 3773 450 3821 p.
464 3761 521 3809 ast.
538 3776 560 3807 a.
573 3759 607 3808 A.
625 3757 747 3820 stephano,
760 3761 834 3807 codd.
846 3760 961 3808 Barbari.
985 3758 1115 3821 steplnlon,
1128 3762 1151 3809 d.
1176 3767 1243 3823 tepo-

118 3837 171 3886 noa,
187 3841 211 3873 a.
229 3864 261 3874 ..
285 3822 431 3885 Alexandri,
448 3842 464 3875 a
481 3822 567 3887 (codd.
584 3822 710 3887 Barbari.)
736 3820 891 3887 Alexandro,
910 3828 927 3875 d
944 3821 1031 3888 (codd.
1048 3825 1169 3890 Salmas.)
1186 3829 1202 3876 i.
1220 3843 1241 3878 e.

117 3888 266 3940 Alexandro.
285 3930 316 3940 ..
334 3889 469 3954 yrcciliore,
481 3892 570 3942 Dalec.
588 3934 620 3942 -
639 3905 676 3953 ac,
690 3892 713 3941 d.
737 3904 761 3952 ct,
773 3910 796 3943 a.
815 3934 846 3943 ..
866 3891 1010 3942 accendatur
1025 3911 1060 3954 as,
1079 3895 1103 3943 d.
1127 3893 1243 3944 accendat

118 3967 191 4021 tants,
205 3977 227 4010 a.
251 3958 388 4008 accenditur
400 3976 433 4021 oa,
444 3956 496 4024 βγ.
515 4001 547 4009 ..
565 3969 637 4023 atque
646 3967 735 4022 quitur,
752 3977 802 4010 om.
816 3962 861 4010 ad.
880 4002 911 4010 ..
930 3961 1007 4024 ciprii
1019 3960 1056 4009 vel
1066 3960 1145 4027 ruffio,
1156 3961 1189 4013 K.
1208 4004 1239 4013 .-

118 4024 209 4088 launo,
224 4019 326 4077 Orac.
345 4026 416 4089 lauri,
427 4022 456 4089 β.
475 4068 508 4077 ..
526 4026 597 4091 qam,
610 4043 660 4078 om.
673 4029 704 4077 Τ.

152 4124 166 4185 5
181 4133 238 4177 18³.
258 4125 328 4192 lituis,
340 4131 446 4180 Barbar.
458 4129 491 4181 K.
510 4128 547 4180 At
558 4144 582 4180 v.
595 4128 656 4180 Titii
668 4129 732 4178 loce.
745 4135 859 4178 controv.
874 4136 914 4191 lo,
928 4130 967 4179 m.

116 4227 192 4276 Pam.
205 4227 240 4278 II.
994 4224 1033 4292 31
