2896 4800
182 147 244 212 378
532 162 737 211 urrunnms
759 162 954 211 msronmn

183 315 292 382 oribus
314 313 563 381 tenuioribnsve.
599 314 651 379 Ita
670 315 751 380 liunt
774 313 1095 401 undequinquaginta
1115 338 1247 404 genera,
1276 320 1307 384 si

182 416 256 503 quis
277 416 418 482 omnium
439 415 590 501 persequi
611 417 690 481 velit
710 415 839 480 nomina
860 415 957 481 etiam
978 415 1115 483 barbara
1135 418 1305 484 vinorum-

182 540 245 603 que
267 540 308 584 ex
328 517 369 582 iis
390 516 598 583 differentias.
623 515 829 582 Clarissimus
849 516 1002 595 omniurn,
1025 540 1106 602 quas
1121 518 1228 605 regias
1243 543 1306 607 ap·
1321 541 1353 584 41

182 617 339 704 pellavere
361 618 402 684 ab
423 618 555 698 honore,
583 617 735 703 quoniam
762 617 895 705 regibus
922 627 1045 684 tautum
1065 617 1212 686 Persidis
1235 643 1306 687 ser·

181 728 344 797 varentur,
372 718 540 804 Babylone
567 729 661 785 natae
688 741 753 785 uno
778 718 813 783 in
839 718 931 784 horto
951 718 1086 807 Bagou3
1114 721 1161 786 ita
1186 733 1307 787 vocant

181 821 351 908 spadones,
381 821 437 905 qui
459 820 547 907 apud
568 843 624 886 eos
645 821 742 886 etiam
763 843 950 908 regnavere.
985 820 1112 888 Hortus
1131 823 1185 889 ille
1206 846 1305 888 num·

181 944 279 1007 quam
303 921 367 987 nisi
393 921 586 988 dominantis
612 921 647 985 in
674 922 748 986 aula
774 921 845 986 fuit.
887 920 934 985 At
961 922 995 987 in
1020 916 1196 990 meridiano
1224 924 1305 991 orbe

180 1026 386 1113 praecipuam
415 1025 561 1111 optinent
588 1024 787 1090 nobilitatem
809 1024 920 1112 syagri
940 1047 1193 1112 proxumamque
1214 1051 1304 1094 mar-

179 1128 320 1215 garides.
341 1125 415 1192 Hae
428 1126 555 1205 breves,
578 1125 743 1205 candidae,
765 1126 931 1205 rotundae,
953 1126 1054 1192 acinis
1068 1150 1165 1212 quam
1177 1128 1304 1197 balanis
1318 1149 1353 1193 aa

180 1229 361 1308 similiores,
392 1251 491 1313 quare
513 1237 546 1293 et
567 1249 685 1293 nomen
705 1249 726 1292 a
744 1227 927 1316 margaritis
948 1249 1113 1314 accepere.
1148 1228 1224 1296 Una
1244 1253 1303 1297 ea-·

180 1352 253 1396 rum
281 1329 377 1396 arbor
404 1329 439 1393 in
462 1326 571 1394 Chora
593 1350 664 1394 esse
686 1329 832 1408 traditur,
860 1351 926 1394 una
952 1337 985 1394 et
1011 1351 1212 1418 syagrorum,
1237 1333 1303 1397 mi·

154 1453 317 1515 =rumque
344 1431 385 1496 de
412 1453 451 1495 ea
477 1430 659 1516 accepimus
687 1453 760 1495 cum
784 1430 941 1516 phoenice
969 1453 1039 1510 ave,
1065 1453 1149 1516 quae
1169 1442 1305 1520 putatur

182 1555 225 1598 ex
245 1530 342 1597 huius
362 1531 488 1619 palmae
510 1541 700 1620 argumento
728 1553 847 1597 nomen
873 1533 1047 1619 accepisse,
1076 1534 1193 1599 iterum
1219 1537 1304 1602 mori
1419 1530 1422 1537 ’

181 1655 221 1698 ac
241 1633 366 1699 renasci
393 1655 434 1698 ex
461 1633 584 1718 seipsa,
615 1643 747 1716 eratque
775 1655 850 1699 cum
874 1633 955 1700 haec
980 1633 1150 1721 proderem
1175 1636 1304 1704 fertilis.

180 1733 319 1799 Pomum
338 1734 446 1820 ipsum
467 1734 600 1822 grande,
621 1734 749 1814 durum,
770 1733 936 1800 horridum
950 1745 983 1800 et
999 1735 1115 1802 ceteris
1128 1735 1303 1822 generibus
1316 1752 1350 1800 43

181 1836 305 1902 distans
327 1840 448 1923 sapore'
463 1836 604 1921 quodam
624 1836 743 1901 ferinae
763 1836 798 1901 in
826 1836 923 1922 apris,
951 1835 1190 1904 evidentissime
1217 1858 1304 1923 qnae

183 1959 281 2005 causa
300 1938 449 2003 nominis.
488 1936 614 2019 Quarta
636 1938 808 2004 auctoritas
831 1937 1033 2004 sandalidum
1052 1962 1073 2003 a
1095 1938 1303 2004 similitudine

181 2040 424 2126 appellaturum.
458 2039 529 2106 Iam
554 2040 590 2106 in
614 2039 811 2126 Aethiopiae
843 2039 907 2106 fine
936 2040 1080 2124 quinque
1109 2061 1218 2105 eanum
1243 2041 1302 2124 qui

179 2142 345 2228 plurumas
367 2142 497 2209 arbores
519 2142 660 2221 tradunt,
681 2165 747 2207 non
760 2142 892 2208 raritate
906 2142 1011 2230 magis
1027 2162 1124 2226 quam
1144 2141 1302 2209 suavitate

179 2242 343 2310 mirabilis.
365 2243 420 2310 Ab
440 2243 491 2308 his
513 2253 664 2330 caryotae
683 2266 833 2309 maxume
848 2243 1060 2321 celebrantur,
1083 2253 1116 2309 et
1135 2242 1207 2310 cibo
1227 2240 1302 2328 qui·
1315 2259 1351 2306 44

181 2344 255 2410 dem
277 2346 336 2411 sed
356 2357 389 2413 et
403 2368 480 2411 suco
494 2345 684 2425 uberrimae,
707 2366 748 2410 ex
763 2345 881 2430 quibus
895 2344 1070 2431 praecipua
1083 2344 1160 2411 vina
1173 2343 1302 2424 orienti,

180 2445 291 2529 iniqua
312 2446 420 2532 capiti,
442 2447 528 2512 unde
550 2470 647 2533 pomo
666 2468 795 2512 nomen.
817 2443 885 2513 Sed
905 2454 943 2510 ut
961 2445 1054 2532 copia
1066 2446 1114 2512 ibi
1127 2455 1224 2531 atque
1238 2445 1303 2512 fer·

182 2546 296 2625 tilitas,
323 2546 369 2611 ita
396 2548 546 2612 nobilitas
566 2549 601 2612 in
621 2546 756 2625 Iudaea,
783 2569 844 2613 neo
872 2546 907 2613 in
934 2557 1001 2612 tota
1029 2547 1087 2612 sed
1107 2545 1299 2612 Hiericunte

181 2669 342 2725 maxume,
362 2669 557 2733 quamquam
576 2649 727 2715 laudatae
749 2659 783 2714 et
796 2647 989 2715 Archelaide
1012 2658 1044 2715 et
1057 2647 1228 2715 Phaselide
1248 2655 1300 2711 at·

217 2836 262 2901 bis,
274 2856 297 2889 a

216 2923 285 2983 541.
301 2931 460 2988 sanarentur,
476 2919 575 2976 O'l’aa.
592 2925 757 2988 sanabantur,
768 2921 798 2988 β.
815 2965 849 2976 ..
867 2922 1023 2987 odiosam,
1036 2942 1060 2976 a.
1082 2964 1116 2976 ...
1137 2925 1228 2991 qui,
1238 2925 1303 2976 Bar-

182 2993 237 3042 har.
255 3033 287 3043 ..
304 2994 348 3055 ita,
359 2994 405 3044 ad.
423 2992 461 3042 ita
471 2992 540 3056 enim,
551 2989 603 3059 βγ.
621 3035 653 3044 ..
671 2992 916 3058 rwqaamsnitniai,
927 3010 947 3044 r.
965 2991 1084 3056 -fiaat,
1095 2995 1133 3044 a'.

216 3079 285 3142 §42
310 3077 375 3139 Hae,
390 3072 462 3128 Oad.
488 3076 550 3141 Eas,
561 3073 591 3141 β.
619 3120 651 3129 ..
680 3076 874 3141 carmarias
900 3118 934 3129 ..
960 3077 1137 3141 mopiam
1163 3075 1305 3139 accipimur,

185 3137 266 3196 OTd.
293 3186 325 3196 ..
352 3161 404 3206 aaa,
416 3149 440 3196 d.
467 3144 512 3208 ael,
525 3163 548 3196 a
566 3186 598 3197 ..
625 3147 708 3195 iterna
719 3146 785 3206 mor-i,
801 3139 901 3196 orso.
919 3145 1088 3207 baronali.
1107 3139 1226 3205 amoriss.
1245 3144 1309 3192 mori

183 3229 213 3267 aa
224 3213 306 3262 iterum
317 3212 418 3271 renasci,
429 3215 497 3265 Pint.
517 3254 546 3262 -
566 3229 592 3262 re
604 3211 666 3277 ipsa,
678 3213 710 3263 R,
728 3253 761 3263 ..
779 3220 900 3277 erantque,
911 3214 944 3263 R.
963 3253 995 3262 ..
1021 3227 1072 3261 aaa
1083 3210 1147 3272 loro,
1160 3211 1232 3259 codd.
1246 3209 1304 3261 Gal.

183 3296 255 3344 qaam
267 3279 332 3343 laea,
344 3297 367 3332 a.
380 3273 498 3348 ffssqaem,
510 3283 534 3330 d.
552 3295 612 3342 cam,
623 3281 656 3331 Β.
675 3321 707 3329 -
717 3279 819 3343 fertilis,
832 3281 904 3330 codd.
917 3279 974 3332 aa.
983 3278 1068 3344 satri,
1079 3279 1123 3327 ad.

217 3366 286 3429 §4:3.
304 3361 404 3413 Paruum
415 3363 500 3427 qurum,
511 3361 586 3412 Rad.
603 3360 685 3427 haam
692 3379 796 3428 pomam,
807 3358 858 3429 βγ.
877 3405 909 3414 ..
927 3371 957 3427 at,
968 3364 1001 3415 R.
1023 3369 1046 3412 at
1056 3376 1080 3424 a,
1092 3356 1184 3426 adssr.
1207 3401 1241 3412 ...
1262 3378 1305 3411 aa·

179 3446 248 3497 pore,
262 3445 312 3481 om.
325 3433 362 3482 (1¹.
389 3470 422 3479 ..
448 3428 559 3496 quodam,
571 3431 608 3480 ita
618 3445 665 3481 uos
676 3431 830 3495 scripsimus.
856 3429 1010 3495 paduan.
1036 3428 1200 3496 quaranta.
1219 3428 1307 3491 ferino

184 3493 293 3571 queml?
316 3496 491 3562 ...fariaaa
502 3496 534 3548 R.
544 3496 635 3561 feriae,
648 3515 671 3549 a.
681 3493 883 3564 ferme,'l'dssr.
910 3539 942 3550 ..
969 3498 1133 3564 aprrir‚Rad
1160 3496 1228 3562 apris
1239 3498 1307 3548 aovi-

184 3567 279 3629 aar
308 3581 334 3632 γ.
353 3607 386 3616 -
403 3564 575 3615 ευίἀωῑίςεύηε
585 3581 654 3631 quae,
666 3567 702 3616 ita
713 3582 760 3617 nos
772 3567 926 3632 scripsimus.
944 3566 1171 3630 sevmtiaimoqaoa,
1183 3581 1207 3616 a.
1225 3563 1309 3615 videa·

186 3635 325 3699 massaque,
336 3634 369 3684 Β.
387 3633 585 3696 amatamque,
596 3637 620 3684 d.
638 3632 860 3698 amatamque,
871 3630 924 3698 βγ.
943 3675 976 3685 ..
992 3651 1075 3698 causa,
1086 3636 1160 3692 Bad
1178 3649 1253 3682 caasa
1264 3641 1308 3695 ast,

185 3698 236 3768 βγ.
255 3745 287 3753 -
304 3699 464 3764 sandalidum,
475 3702 581 3752 Barbar.
594 3719 617 3752 a.
635 3699 792 3764 sandalidum,
803 3703 836 3753 Β.
861 3700 1005 3766 sandaliam,
1017 3705 1042 3753 d.
1069 3741 1101 3752 ..
1128 3700 1223 3764 haram,
1237 3700 1307 3752 sad.

188 3809 219 3818 ..
237 3768 412 3835 qaiplarimaa,
423 3770 456 3821 Β.
470 3768 596 3833 plurimas,
609 3769 678 3821 Sad.
697 3785 738 3818 aaa
745 3768 836 3834 pluras,
847 3765 899 3835 βγ.

221 3855 289 3916 §th
314 3853 441 3915 amima,
453 3855 498 3905 ad.
526 3893 556 3903 ..
584 3861 618 3914 at,
630 3856 676 3905 ad.
703 3862 733 3917 et,
744 3857 777 3905 R.
795 3896 828 3906 -
846 3853 965 3918 nobilitas,
975 3854 1008 3907 R.
1026 3852 1170 3917 nobilitates,
1182 3854 1254 3905 Tad.
1274 3892 1308 3902 ..

188 3915 297 3981 laudata,
308 3924 362 3973 Ra.
380 3964 413 3973 ..
430 3928 454 3970 et
465 3937 494 3970 aa
508 3919 675 3987 Cappadociae
686 3919 839 3985 Archelaide,
849 3923 940 3974 Deles.
958 3962 991 3972 ...
1008 3920 1127 3987 Εσυίαόε,
1137 3925 1184 3974 ad.
1209 3960 1242 3972 ..
1270 3918 1309 3983 ia,

187 4001 211 4034 a·
230 4025 261 4034 -
279 3994 304 4034 ²⁴2
315 3986 347 4049 ia,
357 3990 447 4041 Delec.
465 4030 497 4040 ..
511 3987 649 4055 praedaha,
660 3991 693 4042 R.

221 4069 290 4131 545.
308 4070 484 4134 exhaand.
501 4075 610 4135 aaoaR.
628 4071 775 4138 inlaqssr.
803 4113 835 4126 ..
861 4070 991 4133 nicolaio.
1017 4112 1050 4122 -
1076 4072 1188 4135 cabima,
1200 4072 1309 4124 Salmas.

189 4149 270 4188 exora.
283 4151 308 4200 p.
321 4141 379 4188 928.
390 4141 415 4190 b.
427 4141 462 4192 D.
480 4139 581 4192 rutilam
592 4156 670 4203 arram,
682 4143 760 4193 Hsrd.
784 4180 815 4192 ..
833 4149 863 4203 a,
875 4141 964 4193 Tsdr.
983 4140 1072 4193 Omitt
1084 4136 1165 4206 Ββγ.
1175 4144 1177 4149 ’
1188 4178 1220 4190 ..
1242 4137 1309 4190 adel·
