2896 4800
155 247 218 311 224
506 255 711 309 usruasms
733 260 928 309 nrsroarnn

198 412 351 480 XXXV.
384 412 504 479 Vivere
525 413 685 499 palumbis
706 412 749 477 ad
769 434 852 477 xxx.
874 433 1003 493 annum,
1032 413 1155 499 aliquas
1183 426 1215 480 et
1237 417 1281 482 ad
1295 435 1340 480 10⁶

154 541 210 583 xa.
231 515 386 581 habemus
408 525 565 594 auctores,
588 537 652 580 uno
675 524 799 579 tantum
818 513 1019 581 incommodo
1041 517 1200 601 unguium
1222 541 1278 583 eo-

155 617 229 683 dem
252 628 283 683 et
304 626 493 704 argumento
517 626 673 695 senectae,
703 615 758 699 qui
781 615 862 680 citra
882 616 1056 700 perniciem
1077 617 1277 684 reciduntur.

156 715 279 784 Cantus
306 718 454 783 omnibus
483 716 595 781 similis
622 729 719 801 atque
752 716 838 782 idem
864 717 948 783 trino
980 718 1149 783 conficitur
1181 743 1279 784 versu

153 831 345 907 praeterque
366 820 400 883 in
421 818 564 883 clausula
585 818 720 905 gemitu,
748 818 852 882 hieme
880 817 990 896 mutis,
1019 841 1039 883 a
1059 842 1135 885 vere
1157 822 1278 887 vocali-

152 922 225 989 bus.
254 920 405 1010 Nigidius
431 930 524 1004 putat
553 940 627 984 cum
655 918 868 985 ovaincubet
893 918 1060 985 subtecto
1081 923 1278 988 nominatam

153 1022 337 1107 palumbem
357 1021 535 1105 relinquere
560 1020 672 1098 nid0s3
700 1019 830 1106 pariunt
856 1030 964 1085 autem
991 1030 1067 1106 post
1092 1022 1277 1089 solstitium.
1370 1012 1371 1015 ¹

156 1120 334 1189 Columbae
362 1132 395 1188 et
416 1132 557 1187 turtures
577 1122 700 1187 octonis
721 1120 813 1186 annis
834 1121 955 1186 vivont.
991 1120 1163 1189 XXXVI.
1188 1120 1336 1192 Con-10⁷
1362 1113 1365 1119 ’

154 1235 204 1290 tra
224 1226 349 1312 passeri
370 1225 546 1288 minumum
568 1223 664 1299 vitae,
688 1222 740 1288 eui
762 1222 908 1288 salacitas
930 1245 990 1309 par
996 1245 1005 1299 3
1028 1245 1132 1293 mares,
1151 1247 1276 1312 negan-

154 1335 207 1390 tur
232 1348 316 1391 anno
343 1325 463 1389 diutius
491 1324 605 1387 durare
634 1333 834 1411 argumento,
864 1323 940 1406 quia
966 1323 1054 1389 nulla
1075 1325 1161 1390 veris
1182 1326 1275 1391 initio

153 1427 288 1513 adparet
308 1424 471 1513 nigritudo
493 1425 527 1489 ln
547 1434 661 1501 rostro,
685 1446 767 1507 quae
789 1424 830 1488 ab
852 1433 974 1489 aestate
995 1425 1124 1511 incipit3
1147 1427 1275 1493 feminis

152 1513 389 1613 longiusculum
411 1524 561 1611 spatium.
583 1524 708 1591 Verum
728 1523 884 1590 columbis
905 1526 989 1590 inest
1002 1525 1134 1609 quidam
1155 1537 1188 1592 et
1202 1528 1274 1616 glo·
1290 1542 1335 1586 los

152 1627 219 1691 riae
251 1626 445 1704 intellectus3
482 1648 577 1691 nosse
611 1625 724 1690 credas
757 1647 833 1690 suos
867 1627 988 1692 colores
1021 1628 1275 1714 varietatemque

153 1728 351 1814 dispositam,
374 1727 454 1811 quin
474 1728 571 1792 etiam
592 1749 633 1792 ex
653 1726 762 1792 volatu
783 1726 950 1811 quaeritur
970 1729 1122 1812 plaudere
1137 1730 1275 1796 incaelo

152 1829 306 1913 varieque
327 1829 461 1894 sulcare.
485 1828 561 1911 Qua
581 1828 616 1892 in
637 1828 851 1894 ostentatione
871 1838 909 1892 ut
929 1828 1055 1894 vinctae
1077 1830 1275 1917 praebentur

152 1930 307 2016 accipitri,
330 1929 491 2015 inplicatis
513 1929 655 2031 strepitq
671 1930 789 2015 pinnis,
811 1929 868 2014 qni
888 1952 954 1994 non
974 1929 1037 1994 nisi
1055 1929 1136 2015 ipsis
1151 1931 1274 1999 alanum

152 2033 271 2098 umeris
293 2032 431 2110 eliditur,
457 2031 598 2116 alioquin
620 2031 723 2096 soluto
745 2031 854 2096 volatu
874 2030 909 2094 in
929 2030 1066 2096 multum
1078 2031 1272 2115 velooiores,

153 2135 336 2219 speculatur
356 2133 500 2199 oecrrltus
522 2132 636 2198 fronde
657 2132 737 2198 latro
760 2142 793 2196 et
813 2131 1008 2217 gaudentem
1028 2132 1063 2196 in
1082 2133 1153 2219 ipsa
1165 2134 1273 2220 gloria

151 2236 245 2321 rapit.
273 2234 462 2300 XXXVII.
485 2231 539 2299 Ob
560 2234 594 2298 id
616 2256 690 2299 cum
710 2233 750 2298 iis
770 2231 920 2297 habenda
941 2241 992 2296 est
1012 2232 1081 2298 avis
1103 2253 1184 2316 quae
1206 2234 1272 2300 tin-
1288 2248 1332 2294 roa

151 2339 312 2428 nunculus
338 2346 484 2413 vocatur;
520 2335 663 2401 defendit
695 2335 780 2399 enim
812 2333 883 2398 illas
912 2342 1072 2416 terretque
1098 2333 1272 2419 accipitres

118 2443 121 2448 ’
152 2438 290 2503 naturali
311 2436 455 2522 potentia
475 2436 509 2499 in
532 2445 657 2499 tantum
677 2445 714 2501 ut
734 2435 839 2499 visum
859 2455 1037 2518 vocemque
1051 2434 1121 2500 eius
1135 2436 1271 2521 fugiant.

153 2536 227 2601 Hac
248 2537 289 2602 de
312 2558 408 2602 causa
433 2534 626 2621 praecipuus
653 2534 808 2600 columbis
836 2556 925 2600 amor
951 2558 1071 2614 eorum,
1099 2535 1271 2622 feruntque

154 2637 182 2702 si
202 2638 236 2700 in
258 2647 409 2721 quattuor
429 2635 555 2722 angulis
576 2635 782 2700 defodiantur
802 2636 837 2699 in
857 2636 929 2701 ollis
956 2637 1048 2702 novis
1076 2637 1184 2704 oblitis
1205 2661 1272 2703 non

152 2748 278 2803 mutare
305 2737 413 2802 sedem
439 2734 602 2823 columbas
630 2790 671 2800 .-
701 2737 787 2821 quod
814 2747 847 2801 et
874 2759 953 2803 auro
986 2738 1117 2804 insectis
1144 2740 1271 2806 alarum

152 2837 294 2903 articulis
316 2837 503 2923 quaesivere
524 2837 623 2922 aliqui
650 2860 715 2904 non
741 2839 833 2904 aliter
859 2839 998 2905 innoxiis
1024 2842 1207 2908 volneribus
1228 2894 1270 2907 .-

185 3012 271 3074 §loa
292 3009 475 3075 aliquasetad,
488 3014 512 3062 d.
538 3010 643 3076 reliquas
654 3011 728 3074 etad,
744 3012 805 3063 ΒΤ.
832 3010 978 3076 reliqueret,
992 3005 1021 3064 θ.
1047 3011 1270 3078 αἷίᾳιιοεαᾱ,Βαι“-

151 3078 203 3128 bar.
214 3074 266 3143 βγ.
284 3080 371 3131 Verba
381 3078 572 3143 aliquas-XL.
582 3096 633 3131 om.
642 3082 757 3131 Mmbac.
775 3081 809 3132 V.
821 3080 928 3132 Aristot.
940 3081 958 3131 1.
970 3082 988 3132 L
1001 3087 1025 3144 9,
1038 3085 1060 3133 7.
1072 3098 1098 3146 p.
1113 3087 1180 3133 613α
1193 3087 1232 3132 19.
1244 3088 1271 3131 et

134 3151 176 3207 ¹6,
188 3153 211 3197 4.
224 3155 287 3197 extr.
306 3189 339 3197 ..
359 3146 498 3196 Aristoteles
513 3155 650 3211 auctorest,
663 3165 683 3199 r.
701 3190 733 3199 -
752 3146 878 3209 commodo,
892 3149 915 3197 d.
933 3147 1055 3211 quomodo,
1066 3151 1098 3200 R.
1116 3189 1148 3200 -
1167 3156 1269 3208 reuecta,

150 3214 182 3263 R.
205 3256 237 3263 ..
260 3223 415 3278 praeterque,
431 3217 477 3265 Rd
493 3212 633 3278 (Murbac.)
656 3223 836 3279 praeterquam,
851 3217 885 3266 tt.
908 3256 941 3265 ..
962 3215 1078 3277 clausula,
1094 3218 1111 3265 d
1128 3214 1270 3278 (Murbac.)

151 3279 278 3342 clausulae,
291 3275 377 3333 ΕΘΚ.
395 3324 428 3332 ..
446 3281 526 3343 hieme,
543 3299 567 3332 v.
583 3284 689 3333 Aristot.
706 3286 724 3333 1.
741 3285 760 3333 l.
778 3289 802 3345 9,
818 3289 1013 3347 4911633916.
1031 3322 1064 3332 -
1087 3298 1104 3328 ⁰
1115 3297 1176 3340 vere,
1188 3283 1268 3330 Hard·

151 3345 242 3408 babere,
254 3341 378 3398 iterur.
397 3356 424 3396 ar
439 3363 499 3409 uere,
516 3351 604 3399 Dalec.
627 3365 687 3410 vere,
703 3345 732 3411 β.
752 3391 784 3400 ..
801 3350 899 3410 incubet,
915 3342 1021 3401 Rern.
1039 3348 1140 3406 riacubat,
1152 3348 1267 3397 Murbac.

150 3408 178 3474 β.
197 3413 316 3475 incubant,
326 3415 360 3464 K.
375 3456 408 3464 -
426 3414 554 3477 nominata,
570 3416 603 3465 R.
617 3457 648 3466 -
663 3424 719 3480 post
729 3416 861 3481 solstitium,
873 3421 919 3470 Β).
933 3413 1107 3481 postestatum,
1119 3430 1138 3463 r.
1157 3429 1208 3462 cum
1219 3412 1268 3462 sol-

150 3480 246 3541 stitium,
258 3484 302 3532 3¹.
320 3498 372 3530 cum
383 3479 492 3543 solstitio,
502 3484 550 3533 Td
561 3481 700 3546 (Murbac.)

184 3550 199 3612 5
214 3552 269 3600 107.
289 3556 321 3610 ut,
338 3541 366 3600 θ.
385 3590 417 3599 -
435 3549 512 3611 annu,
524 3565 574 3600 om.
587 3551 623 3600 dl.
642 3591 674 3600 ..
688 3566 820 3615 passerum,
830 3556 855 3604 d.
874 3552 1025 3605 Ceterumv.
1034 3550 1141 3602 Aristar
1150 3551 1169 3600 l.
1179 3551 1198 3600 l.
1209 3557 1233 3609 9,
1244 3551 1268 3600 7.

149 3631 175 3682 p.
193 3623 260 3668 613²
275 3623 316 3746 23.
335 3658 367 3666 -
381 3632 451 3681 pars,
467 3617 522 3667 Rd.
541 3659 573 3667 ..
590 3617 681 3682 Maris,
697 3620 764 3671 Rd¹.
783 3663 814 3671 -
838 3626 948 3686 apparet,
964 3621 1029 3672 Td2.
1057 3624 1182 3684 apparent,
1199 3620 1269 3671 Rd¹.

149 3692 275 3749 appareat,
312 3699 336 3748 r.

183 3757 198 3816 ξ
213 3760 269 3805 108.
287 3750 389 3816 quidem,
402 3755 433 3804 Τ.
445 3795 477 3804 -
490 3754 598 3819 oppositu
609 3769 671 3817 quae
683 3753 753 3803 etium
764 3753 796 3817 iu,
808 3773 828 3806 r.
842 3796 874 3805 ..
887 3755 952 3818 qula,
964 3757 1047 3807 Rhea.
1066 3751 1172 3819 qurJRd
1185 3751 1267 3816 (Mur-

149 3819 217 3882 bac.)
236 3863 268 3871 ..
286 3819 397 3881 creditur,
409 3839 429 3872 r.
451 3820 585 3884 creduntur,
597 3822 630 3872 K.
648 3863 680 3871 ..
699 3838 828 3886 aeremque,
839 3825 873 3874 K.
892 3863 924 3872 ..
946 3823 1046 3886 vinctae,
1057 3823 1162 3874 Barbar.
1184 3821 1267 3880 uictae,

149 3881 257 3940 Rure.
276 3931 308 3939 -
331 3888 453 3953 implicati,
469 3890 536 3940 R²d.
555 3930 587 3940 -
609 3889 727 3954 strepitus,
745 3892 768 3939 d.
788 3931 819 3940 ..
841 3887 956 3952 alioquin,
971 3892 1025 3941 Rd.
1052 3889 1149 3954 alioqui,
1166 3903 1191 3953 γ.
1218 3887 1268 3937 alio

150 3955 197 4017 qui,
209 3956 242 4005 K
260 3997 292 4005 -
310 3956 391 4006 uolatu
407 3956 486 4018 multo,
501 3960 535 4009 K.
554 3999 585 4007 ..
605 3956 736 4020 cabalares,
752 3958 826 4008 RTd
838 3954 979 4020 (Murbac.)
1001 3957 1144 4020 velociorem,
1155 3958 1221 4009 Pint.
1233 3956 1267 4006 K.

150 4020 269 4080 velociore,
279 4020 309 4083 β.
329 4066 360 4074 -
377 4023 518 4088 speculatur,
535 4018 606 4075 θΤᾱ
618 4023 757 4086 (Murbac.)
774 4024 913 4088 speculator,
924 4026 956 4074 R.
1088 4022 1092 4026 ’

184 4091 199 4150 ξ
214 4094 269 4138 103.
292 4090 329 4150 ils,
341 4091 372 4140 R.
395 4091 439 4153 tis,
453 4086 503 4142 Od.
524 4131 555 4142 -
575 4091 730 4148 tinnunculum,
743 4096 766 4142 d.
794 4091 946 4155 tinnunpulr's,
958 4094 989 4144 R.
1017 4091 1176 4154 trmtuueulus,
1194 4093 1267 4142 codd.

59 4184 61 4189 .
149 4154 263 4205 Barbari.
281 4156 315 4205 V.
332 4157 437 4207 Gesner.
453 4159 512 4208 bist.
530 4161 606 4210 anim.
620 4167 643 4220 3,
658 4166 697 4210 54.
716 4159 830 4224 Sumpsit
841 4160 905 4209 haec
916 4160 984 4210 Plin.
996 4176 1030 4210 ex
1042 4161 1179 4211 Columell.
1191 4159 1267 4210 VIII.

151 4226 174 4285 8,
189 4223 211 4271 7.
231 4263 261 4270 -
278 4220 333 4284 puli
343 4221 501 4286 defodiantur,
513 4227 546 4275 K.
564 4268 596 4276 -
615 4225 706 4288 oblitus,
718 4227 749 4275 R.
771 4269 797 4276 -
818 4224 882 4290 quod
892 4234 914 4275 et
925 4241 994 4290 auro,
1005 4221 1092 4278 RO'I'.
1116 4244 1162 4291 quo
1174 4226 1203 4278 de
1215 4235 1268 4276 tau-
