2896 4800
396 265 468 312 nm.
485 265 535 316 ιιι.
565 265 643 312 car.
659 265 816 314 ιιι-ιιι.
847 264 945 314 sacr.
963 266 1045 311 ιιι-ιι.
1220 249 1280 314 261

160 418 229 496 dor,
254 417 321 483 sive
351 418 508 501 quaedam
538 417 679 483 siderum
701 418 812 495 saliva,
843 418 910 483 sive
937 418 1108 504 purgantis
1136 441 1171 484 sc
1198 419 1281 485 aeris

159 541 266 597 sucus,
290 518 476 603 utinamque
498 527 585 584 esset
606 528 640 583 et
660 541 761 605 purus
782 542 820 584 ac
841 519 982 604 liquidus
997 529 1030 583 et
1045 541 1121 585 suae
1135 532 1279 602 naturae,

160 622 263 706 qualis
291 619 403 685 defluit
430 621 552 705 prim03
581 643 667 686 nuno
694 643 770 686 vero
799 644 817 687 e
847 631 935 685 tanta
965 620 1084 685 cadens
1113 621 1281 688 altitudine
1294 640 1324 687 ar

158 724 357 806 multumque
387 721 464 786 dum
492 721 582 786 venit
604 722 791 788 sordescens
813 732 846 786 et
867 721 962 788 obvio
985 732 1087 788 terrae
1108 721 1211 787 halitu
1229 723 1281 788 in·

158 825 272 900 fectus,
300 832 469 908 praeterea
499 846 517 888 e
544 823 658 889 fronde
685 846 723 888 ac
749 823 878 911 pabulis
906 833 1002 911 potus
1031 834 1064 888 et
1091 824 1124 888 in
1146 823 1281 890 utriculo

159 935 330 1010 congestus
345 923 455 1010 apium
467 979 508 989 -
519 947 574 990 ore
590 926 674 989 enim
692 947 765 990 eum
781 935 976 1004 vomunt..,
994 925 1036 989 ad
1052 924 1115 991 hoc
1132 947 1208 990 suco
1221 925 1280 990 flo-

157 1048 230 1090 rum
256 1034 433 1112 conruptus
463 1036 495 1091 et
523 1026 604 1091 alvis
632 1038 813 1092 maceratus
841 1028 1022 1113 totiensque
1048 1037 1191 1092 mutatus
1212 1048 1281 1092 ma·

158 1148 255 1213 gnam
278 1136 384 1193 tamen
407 1126 556 1193 caelestis
578 1138 714 1193 naturae
735 1128 936 1215 voluptatem
956 1129 1072 1195 adfert.
1247 1194 1252 1203 ,

198 1226 297 1292 ΧΙΠ.
330 1229 380 1293 13.
413 1228 464 1294 Ibi
490 1240 641 1316 optumus
669 1251 811 1316 semper,
841 1231 898 1296 ubi
924 1241 1130 1316 optumorum
1157 1226 1281 1294 doliolis
1294 1251 1326 1296 aa

156 1328 271 1394 florum
298 1330 462 1406 conditur;
491 1330 629 1396 Atticae
648 1324 790 1420 regionis
815 1332 877 1397 hoc
898 1344 931 1397 et
952 1330 1092 1411 Siculae,
1122 1329 1281 1416 Hymetto

157 1441 189 1494 et
209 1431 321 1516 Hybla
342 1455 361 1496 a
381 1433 471 1510 locis,
494 1454 569 1497 mox
585 1431 733 1517 Calydna
753 1433 868 1499 insula.
891 1433 956 1498 Est
977 1443 1082 1499 autem
1104 1432 1196 1498 initio
1217 1433 1281 1497 mel

155 1543 191 1595 ut
213 1555 296 1616 aqua
319 1533 454 1599 dilutum
476 1544 510 1600 et
530 1534 642 1620 primis
665 1534 778 1600 diebus
798 1534 903 1600 fervet
916 1544 954 1599 ut
967 1546 1073 1600 musta
1088 1557 1186 1618 seque
1201 1556 1280 1618 pur·

155 1643 221 1720 gat,
244 1634 395 1700 vicesimo
417 1635 469 1700 die
491 1636 671 1714 crassescit,
694 1658 770 1701 mox
792 1636 965 1701 obducitur
986 1638 1074 1720 tenui
1095 1635 1281 1701 membrana

154 1757 237 1818 quae
259 1737 395 1803 fervoris
415 1737 519 1824 ipsius
542 1760 658 1824 spuma
680 1739 873 1814 concrescit3
898 1738 1046 1804 sorbetur
1064 1749 1233 1823 optumum
1248 1748 1281 1802 et

155 1836 295 1904 minume
311 1839 425 1905 fronde
439 1838 593 1905 infectum
615 1863 633 1906 e
655 1862 805 1924 quercus,
829 1838 926 1917 tiliae,
949 1839 1164 1903 harundinum
1182 1837 1279 1903 foliis.

197 1937 294 2006 XIV.
328 1941 379 2004 14.
414 1940 548 2006 Summa
575 1941 706 2025 quidem
732 1940 886 2006 bonitatis
911 1940 1041 2004 natione
1068 1948 1211 2017 constat,
1243 1948 1325 2006 utaa

156 2041 426 2126 supradiximus,
448 2042 595 2130 pluribus
617 2041 732 2107 modis.
767 2040 881 2106 Aliubi
910 2040 995 2107 enim
1021 2039 1086 2104 favi
1108 2061 1182 2104 cera
1203 2061 1279 2124 spe·

155 2141 289 2208 ctabiles
303 2143 491 2232 gignuntur,
515 2154 552 2208 ut
573 2144 606 2207 in
622 2141 744 2220 Sicilia,
760 2141 917 2226 Pelignis,
936 2142 1035 2207 aliubi
1058 2142 1151 2226 copia
1165 2141 1276 2220 mellis,

154 2245 246 2309 utin
269 2243 383 2322 Creta,
413 2242 547 2329 Cypro,
565 2241 689 2320 Africa,
718 2242 817 2307 aliubi
844 2242 1076 2328 magnitudine,
1105 2252 1141 2307 ut
1169 2242 1205 2306 in
1226 2264 1277 2306 se-

154 2344 432 2432 ptentrionalibus,
459 2345 530 2409 viso
552 2344 616 2408 iam
637 2343 672 2407 in
696 2341 877 2408 Germania-
901 2354 973 2409 coto
994 2344 1115 2429 pedum
1135 2343 1278 2431 longitu-

155 2446 241 2510 dinis
261 2445 335 2511 favo
356 2445 390 2510 in
413 2467 491 2511 aava
512 2455 604 2531 parte
626 2445 730 2533 nigro.
757 2444 798 2509 In
819 2467 1022 2530 quocumque
1044 2456 1152 2511 tamen
1174 2455 1279 2510 tractu
1292 2469 1324 2513 ss

156 2558 247 2612 terna
282 2558 356 2612 sunt
390 2569 510 2635 genera
544 2547 663 2612 mellis:
697 2569 831 2613 vernum
859 2571 901 2612 ex
931 2547 1064 2613 floribus
1097 2556 1280 2614 constructo

154 2649 240 2727 favo,
263 2649 348 2733 quod
369 2649 442 2717 ideo
462 2660 597 2715 vocatur
619 2648 796 2715 anthinum.
832 2647 907 2715 Hoc
928 2649 1061 2733 quidam
1082 2648 1199 2738 attingi
1220 2671 1277 2715 ve-

155 2761 223 2816 tant
250 2762 286 2817 ut
312 2753 404 2839 largo
434 2751 585 2818 alimento
612 2751 719 2817 valida
746 2759 840 2817 exeat
867 2750 1010 2831 suboles;
1043 2751 1097 2817 alii
1125 2774 1165 2818 ex
1190 2752 1278 2818 nullo

153 2853 261 2918 minus
289 2853 407 2940 apibus
433 2853 608 2931 relincunt,
642 2851 791 2937 quoniam
821 2873 940 2940 magna
967 2862 1121 2936 sequatur
1146 2853 1278 2919 ubertas

154 3027 187 3073 ad
198 3026 259 3074 Mel.
272 3032 296 3085 8,
310 3029 332 3076 7.
343 3042 368 3090 p.
381 3033 439 3077 824.
463 3027 539 3088 Quod
554 3028 620 3076 Plin.
637 3024 736 3088 scripsit
751 3023 820 3086 simo,
838 3026 944 3075 debetur
959 3028 1012 3076 hoc
1027 3026 1164 3088 scripturae
1180 3025 1278 3088 aliquot

88 3090 90 3094 ’
153 3093 228 3141 codd.
239 3107 280 3154 ap.
291 3093 398 3142 Aristct.
409 3095 427 3143 l.
438 3095 456 3143 l.
469 3094 623 3157 spernendae
634 3093 674 3141 illi
684 3107 745 3155 prae
753 3092 857 3154 vulgata
872 3091 889 3156 ἡ
903 3087 965 3156 ἶρις.
979 3133 1011 3142 ..
1029 3089 1230 3152 exsplendescente
1229 3094 1277 3155 fit3

153 3174 200 3223 pro
210 3160 251 3208 his
260 3174 299 3208 vv.
309 3160 405 3209 habant
414 3157 583 3223 exsplendescit
590 3162 615 3210 R
623 3151 707 3219 θΤιΙς
719 3159 787 3208 idem
795 3159 836 3207 vel
848 3157 960 3221 explendo
968 3159 1001 3207 sit
1008 3162 1070 3209 dant
1078 3160 1150 3208 codd.
1161 3158 1278 3219 Salmas,

154 3228 198 3290 qui
209 3227 335 3277 nonnulla
346 3235 435 3278 mutat.
459 3268 490 3276 ..
513 3225 581 3287 divo,
596 3227 642 3278 Rd
654 3223 779 3290 (quinque
791 3227 864 3276 codd.
877 3227 966 3276 Laidd.
979 3243 1019 3292 ap.
1033 3226 1149 3277 Oudend.
1162 3227 1194 3275 ad
1206 3225 1276 3276 Suet.

153 3295 225 3346 Caes.
237 3293 291 3358 72.)
304 3293 350 3357 dio,
358 3291 409 3359 βγ.
421 3337 451 3345 -
462 3293 718 3358 quoddam-atinam
728 3295 809 3344 omitt.
819 3294 901 3345 RTd.
914 3294 1015 3345 Deinde
1022 3308 1070 3359 pro
1080 3309 1124 3356 que
1133 3300 1193 3341 esset
1200 3293 1277 3342 iidem

152 3364 210 3413 libri
225 3380 286 3427 puae
302 3371 337 3413 est
351 3365 486 3427 exhibeam
504 3371 574 3414 ortus
591 3371 629 3414 est
646 3377 715 3414 error
731 3377 764 3413 cx
784 3363 1006 3413 homoeoteleutie.
1027 3377 1109 3411 saccus
1129 3360 1179 3410 sive
1199 3374 1278 3424 oquae

169 3448 265 3492 eruar.

149 3448 168 3495 Ρ
186 3501 255 3561 §ab
268 3498 361 3561 fronde
373 3501 465 3550 omisso
478 3515 498 3562 e,
510 3500 620 3551 RTKd.
642 3540 674 3548 ..
698 3507 785 3564 epotus,
797 3501 830 3550 K.
853 3541 885 3551 ..
909 3507 939 3563 et,
951 3500 1033 3551 omitt.
1045 3497 1099 3548 Td.
1118 3538 1150 3546 ..
1169 3492 1276 3556 omma,

153 3565 235 3613 RTd.
257 3564 380 3628 utriculos,
401 3560 429 3615 θ.
452 3565 579 3628 siccatos,
595 3561 624 3628 β.
648 3564 879 3629 carantanam.
897 3608 928 3617 ..
952 3583 1031 3631 apum,
1044 3561 1074 3627 β.
1093 3606 1125 3615 ..
1143 3563 1204 3612 enim
1216 3577 1276 3622 eum,

153 3624 264 3681 Roda.
299 3631 372 3692 emim,
390 3628 419 3693 β.
438 3671 469 3681 ..
494 3631 528 3680 od
544 3632 600 3695 hoc,
616 3625 671 3682 Ro
687 3631 750 3695 (tres
766 3637 840 3684 codd.
857 3634 946 3685 Leidd.
964 3650 1004 3698 ap.
1022 3634 1138 3686 Oudend.
1156 3632 1190 3681 ad
1206 3629 1274 3680 Suet.

152 3701 222 3762 Aug.
235 3695 290 3760 25.)
307 3695 393 3760 attae,
406 3699 460 3748 Td.
478 3697 513 3746 ad
523 3698 587 3760 laec,
599 3694 649 3763 βγ.

186 3769 255 3830 §³2-
273 3763 391 3828 optimam,
403 3781 423 3814 r.
442 3804 474 3814 ..
492 3764 606 3828 colmelos,
616 3767 705 3818 Dalee.
724 3806 756 3816 ..
774 3765 824 3827 loc,
836 3762 964 3817 Reduc.
989 3765 1034 3828 hic,
1046 3762 1076 3827 β.
1098 3768 1149 3816 Pro
1162 3773 1192 3827 et,
1204 3766 1275 3828 qaod

153 3836 239 3885 statim
256 3833 381 3897 sequitur,
397 3834 494 3882 habent
509 3840 545 3880 est
559 3834 614 3883 Rd.
637 3872 669 3883 ..
691 3850 720 3893 a,
736 3835 789 3884 Rd.
812 3834 856 3895 ab,
872 3829 924 3898 βγ.
945 3833 1055 3898 Hymetti
1064 3841 1087 3881 ct
1096 3832 1194 3899 Hyblae
1205 3831 1275 3882 editis

153 3901 317 3964 locs,Dalee.
336 3941 368 3951 ..
386 3898 438 3963 mel,
450 3915 501 3950 om.
513 3902 550 3950 d¹.
569 3940 601 3950 ..
619 3898 766 3963 odoreque,
779 3901 832 3951 Τὰ.
852 3939 882 3949 ..
902 3908 987 3962 vuasto,
999 3893 1109 3952 Rosa.
1128 3895 1273 3964 tuomst.

155 4010 186 4020 ..
205 3969 330 4031 Servatur,
341 3971 409 4020 Pint.
429 4010 461 4018 ..
480 3965 552 4029 tilebe,
565 3970 589 4018 d.
599 3966 680 4029 filiae,
691 3968 736 4018 R1.
746 3966 803 4030 filio
815 3975 844 4028 et,
856 3967 900 4016 R'2.

186 4040 254 4101 §aa
272 4035 375 4087 notionis
391 4035 501 4098 bonitate,
513 4037 544 4086 T.
573 4035 677 4095 bontas,
693 4037 726 4087 Κ.
754 4077 785 4086 ...
814 4038 914 4100 eupra§
928 4040 969 4086 32.
997 4077 1028 4085 -
1058 4031 1273 4097 dimissoriam

152 4103 239 4168 insta.)
257 4147 288 4157 ,..
307 4105 367 4154 caim
379 4121 455 4167 cerac,
466 4119 486 4154 r.
505 4145 537 4154 ..
556 4101 649 4166 Sicilia,
661 4102 776 4170 Peliym'a,
787 4105 842 4154 Rd.
861 4102 968 4169 Peliym's
979 4101 1074 4167 Sicilia,
1085 4097 1136 4167 βγ.
1155 4143 1187 4154 ..
1205 4101 1274 4168 copia

154 4169 236 4233 melles,
248 4174 301 4223 Rd.
319 4172 394 4222 mellis
405 4172 482 4237 copia,
493 4167 543 4238 βγ.
563 4213 595 4222 ..
613 4186 687 4221 cavae
697 4180 723 4222 et
734 4170 813 4237 niqra,
826 4172 880 4222 Rd.

187 4240 201 4303 5
214 4244 254 4290 34.
271 4255 360 4305 ymera
371 4239 454 4304 mellis,
466 4240 498 4291 R.
515 4238 591 4293 mellis
602 4255 696 4306 ymera,
709 4235 781 4304 ἀβγ.
799 4281 831 4292 ..
851 4255 870 4305 a,
883 4241 908 4291 d.
929 4280 959 4290 ..
977 4237 1116 4303 anthimum,
1129 4243 1152 4292 d.
