2896 4800
98 404 101 411 ,
190 332 212 394 4
541 342 744 392 nsrnunnrs
766 341 961 393 merosus

191 484 256 564 non
278 496 476 564 sithominis
498 495 577 561 vioe.
598 494 669 559 lam
689 494 724 559 in
744 495 828 561 facie
849 495 1001 581 voltuque
1020 505 1130 562 nostro
1152 519 1226 563 cum
1248 498 1341 565 sinta

92 655 96 661 .
191 600 303 665 decem
329 608 385 663 aut
410 598 507 683 paulo
532 595 627 683 plura
646 595 802 675 membra,
830 596 934 661 nullas
955 596 1036 661 duas
1057 595 1092 661 in
1114 606 1163 662 tot
1182 597 1313 665 milibus

189 700 354 766 hominum
385 699 577 765 indiscretas
605 697 731 785 effigies
759 697 931 775 exsistere,
965 697 1051 782 quod
1083 719 1136 763 ars
1162 699 1252 764 nulla
1278 700 1312 765 in

189 801 301 888 paucis
328 822 462 866 numero
488 808 630 887 praestet
651 798 858 866 adfectandot
887 797 957 864 Nec
979 808 1087 865 tamen
1108 819 1169 886 ego
1189 800 1224 865 in
1244 800 1312 886 ple·

188 903 297 988 risque
319 924 430 968 eorum
452 901 652 990 obstringam
672 899 770 966 fidem
784 921 889 966 meam
909 900 1080 985 potiusque
1101 900 1144 965 ad
1164 910 1312 966 auctores

187 1002 338 1091 relegabo
363 1003 419 1088 qui
445 1002 552 1069 dubiis
573 1001 749 1068 reddentur
770 1000 934 1080 omnibus,
963 1001 1059 1066 modo
1085 1023 1128 1066 ne
1151 1000 1193 1067 sit
1214 1002 1310 1069 fasti·

187 1103 242 1170 dio
264 1101 407 1169 Graecos
434 1104 542 1188 sequi,
576 1112 664 1167 tanto
692 1103 811 1168 maiore
839 1124 950 1168 eorum
976 1101 1142 1190 diligentia
1161 1102 1214 1170 vel
1234 1124 1312 1169 cura

70 1199 74 1204 ⁴
187 1204 376 1293 vetustiore.

229 1307 276 1370 Π.
299 1307 331 1369 2.
362 1303 446 1370 Esse
462 1301 657 1389 Scytharum
677 1325 797 1393 genera
818 1315 851 1371 et
871 1304 1001 1390 quidem
1021 1305 1116 1392 plura
1136 1322 1339 1391 quae·cor·a

128 1432 130 1437 ·
188 1407 321 1492 poribus
341 1404 489 1470 humanis
510 1415 716 1471 vescerentur
736 1405 959 1471 indicavimus.
982 1405 1022 1470 Id
1042 1407 1150 1493 ipsum
1170 1406 1310 1472 incredi-
1362 1440 1371 1454 ·

187 1505 253 1574 bile
274 1508 421 1584 fortasse,
451 1505 485 1569 ni
508 1505 686 1593 cogitemus
707 1506 741 1570 in
761 1504 868 1572 medio
889 1505 967 1572 orbe
989 1516 1145 1571 terrarum
1165 1528 1204 1570 ac
1224 1502 1310 1570 Sici-

175 1606 232 1680 ‚lia
259 1606 361 1672 fuisse
388 1605 494 1693 gentis
514 1605 611 1671 huius
632 1606 782 1685 monstri,
815 1604 978 1692 Cyclopas
1005 1617 1038 1673 et
1058 1606 1309 1699 Laestrygonas,

190 1717 223 1773 et
243 1709 428 1794 nupenime
456 1717 543 1772 trans
564 1705 662 1794 Alpis
683 1707 846 1773 hominem
866 1708 1014 1774 inmolari
1034 1708 1182 1797 gentium
1202 1728 1311 1772 earum

188 1829 278 1874 more
301 1810 439 1887 solitum,
463 1809 551 1892 quod
571 1808 704 1894 paulum
725 1808 942 1875 amandendo
964 1809 1067 1875 abest.
1092 1807 1160 1875 Sed
1175 1820 1208 1876 et
1220 1809 1311 1874 iuxta
1325 1823 1357 1869 ιο

189 1930 244 1974 eos
273 1910 329 1994 qui
356 1920 431 1976 sunt
458 1910 501 1974 ad
528 1911 779 1994 septentrionem
804 1911 906 1990 versi,
934 1909 1022 1975 haud
1042 1911 1156 1996 procul
1177 1908 1311 1995 abipso

191 2009 349 2094 aquilonis
364 2019 478 2076 exortu
493 2031 657 2096 specuque
671 2010 741 2076 eius
756 2010 852 2090 dioto,
875 2034 972 2097 quem
985 2012 1093 2077 locum
1105 2016 1160 2095 γῆς
1172 2011 1311 2096 metopo

189 2111 372 2197 appellunt,
398 2112 581 2198 produntur
601 2111 768 2198 Arimaspi
789 2133 872 2197 quos
894 2112 1051 2191 diximus,
1077 2133 1143 2178 uno
1163 2111 1257 2177 oculo
1277 2111 1312 2176 in

187 2213 292 2278 fronte
312 2212 420 2279 media
440 2213 594 2300 insignes,
616 2212 734 2297 quibus
756 2213 891 2279 adsidue
911 2213 1033 2279 bellum
1048 2234 1119 2280 esse
1141 2212 1228 2277 circa
1240 2234 1309 2277 me·

68 2351 74 2357 -
187 2314 262 2379 talla
284 2337 358 2380 eum
379 2316 504 2402 grypis,
526 2315 669 2381 ferarum
689 2315 813 2380 volucri
835 2337 954 2402 genere
975 2315 1071 2399 quale
1093 2313 1188 2402 volgo
1209 2313 1310 2377 tradi-

189 2425 242 2480 tur
276 2425 408 2480 eruente
440 2436 482 2479 ex
513 2415 672 2480 cuniculis
705 2437 836 2495 aurum,
868 2416 951 2480 mira
976 2416 1153 2502 cupiditate
1175 2425 1209 2482 et
1233 2414 1311 2481 feris

189 2514 445 2581 custodientibus
468 2524 501 2580 et
521 2513 707 2600 Arimaspus
728 2515 938 2601 rapientibus,
968 2516 1060 2582 multi
1082 2517 1140 2583 sed
1159 2538 1311 2582 maxume

189 2615 342 2683 inlustres
363 2613 549 2682 Herodotus
576 2624 609 2681 et
628 2615 776 2681 Aristeas
798 2616 1035 2683 Proconnesius
1057 2614 1211 2683 scribunt.
1243 2614 1355 2683 Su-11

187 2737 248 2803 per
276 2716 357 2783 alios
386 2726 493 2783 autem
519 2715 814 2806 Anthropophagos
836 2716 978 2804 Scythas
1005 2717 1040 2783 in
1066 2718 1206 2802 quadam
1233 2740 1310 2784 con·
1347 2795 1352 2802 ¹

151 2889 152 2893 ,
189 2819 272 2886 valle
293 2840 412 2908 magna
431 2816 515 2882 Imai
536 2817 654 2884 montis
680 2820 771 2906 regio
793 2831 843 2885 est
862 2841 946 2904 quae
966 2830 1101 2885 vocatur
1121 2819 1310 2900 Abarimon,

187 2922 222 2985 in
243 2942 306 3005 qua
327 2922 492 2987 silvestres
513 2919 624 2986 vivont
643 2920 799 3000 homines,
828 2922 952 2987 aversis
972 2932 1047 3012 post
1068 2943 1162 2988 crura
1180 2920 1309 3006 plantis,

188 3022 325 3088 eximiae
346 3020 535 3101 velocitatis,
562 3020 683 3111 passim
712 3043 786 3089 cum
805 3021 883 3089 feris
904 3033 1068 3110 vagantes.
1101 3022 1172 3088 Hos
1193 3021 1228 3087 in
1249 3019 1311 3087 ulio

220 3225 437 3291 §8.·molab1u‚d.
454 3269 487 3279 ..
504 3227 773 3294 mummium.)
799 3264 832 3280 ...
858 3244 942 3292 mecm,
954 3229 992 3280 (1².
1017 3227 1159 3291 modaBT
1170 3221 1310 3291 (Murbsc.)

187 3293 254 3344 cum
270 3296 436 3358 posteriorem
451 3294 587 3346 lectionem
603 3306 685 3347 ortam
697 3313 751 3348 essa
761 3304 850 3362 putem
866 3311 899 3347 ex
915 3300 1006 3348 eodem
1016 3298 1135 3349 adverbio
1148 3297 1235 3348 statim
1244 3295 1311 3346 inira

186 3361 304 3424 repetito,
316 3362 424 3425 priorem
437 3363 518 3412 habeo
529 3363 760 3428 interpolationem.
779 3365 848 3425 Quid
859 3367 877 3415 d
887 3367 1004 3416 habuerit
1015 3382 1031 3415 a
1041 3381 1076 3415 m.
1092 3380 1140 3428 pn,
1151 3379 1205 3414 non
1221 3364 1310 3426 liquet.

187 3427 401 3545 obstrictlgmfidem
413 3428 451 3491 do,
463 3431 581 3482 Rhenum
600 3469 632 3482 ..,
649 3429 764 3496 reliqum,
775 3434 889 3483 Mnrbac.
912 3472 945 3482 ..
966 3431 997 3481 de
1008 3430 1086 3482 dubiis
1096 3439 1215 3496 roqcutur,
1225 3431 1258 3482 Κ.
1276 3469 1309 3480 .-

187 3502 259 3557 unu,
296 3531 303 3544 .

219 3599 234 3662 ξ
247 3603 271 3648 9.
289 3595 446 3646 indicavimus
458 3603 482 3660 4,
495 3604 536 3650 88.
555 3604 579 3660 o,
593 3603 632 3649 53.
649 3599 735 3650 Multa
745 3612 779 3650 ex
789 3600 839 3651 hae
850 3608 876 3652 et
887 3601 1050 3665 sequentibus
1061 3599 1228 3665 paragraphis
1238 3611 1311 3662 repe·
1338 3578 1342 3583 ¹

186 3666 299 3716 tiverunt
311 3666 411 3718 Gellius
423 3673 447 3728 9,
458 3672 482 3716 4.
495 3673 521 3716 et
532 3665 637 3717 Solinus
650 3673 690 3717 15.
708 3707 741 3717 -
759 3667 897 3731 maedam,
908 3670 975 3719 Rob.
993 3709 1026 3719 ..
1043 3668 1077 3731 ui,
1089 3669 1113 3718 d.
1135 3682 1171 3728 ue,
1183 3669 1208 3718 R
1219 3662 1311 3729 (Rob.)

185 3772 218 3782 ..
236 3731 417 3797 oc,R(Rob.)
439 3736 528 3797 u‚Td.
555 3760 588 3784 ·..
615 3732 714 3797 stultu
735 3736 796 3785 huic
814 3737 870 3785 voci
891 3739 988 3787 addunt
1006 3727 1313 3795 ctItubbdfflob·)ssr,

78 3798 96 3823 ⁶
186 3815 276 3862 quoquc
292 3809 315 3848 et
330 3800 406 3850 Italia
420 3802 466 3865 lt2,
484 3803 567 3853 omitt.
583 3804 621 3853 R¹
631 3794 688 3863 θΤ,
706 3808 732 3851 et
748 3810 805 3853 orta
820 3811 879 3854 sunt
895 3803 1058 3863 batecumbe,
1079 3808 1108 3850 ut
1119 3800 1171 3850 iam
1186 3798 1311 3849 Harduin.

185 3866 321 3982 intellolefiit,
333 3882 347 3916 a
359 3871 513 3930 glossemate
524 3872 607 3922 verbis
619 3870 644 3920 iu
655 3868 732 3920 medio
744 3871 799 3920 orbe
811 3879 927 3921 terrarum
940 3872 1076 3934 adscripto.
1089 3906 1121 3916 ...
1139 3863 1214 3927 solito,
1227 3867 1264 3917 db
1278 3906 1311 3916 .-

182 3947 235 3995 puu
260 3968 267 3992 ‚
296 3968 323 3989 ..

220 4034 288 4095 510.
306 4039 400 4094 0b0m·
413 4036 436 4084 d·
456 4073 488 4084 -
505 4043 627 4100 spectrum
647 4039 672 4089 d.
695 4080 727 4090 ..
750 4037 812 4090 dicto
830 4044 854 4101 4,
867 4046 908 4091 88.
930 4080 962 4089 ..
1007 4034 1187 4102 ’ςκλεῒθροη
1200 4035 1312 4088 Tumeb.

185 4101 284 4150 advers.
301 4105 347 4161 24,
364 4107 406 4150 42.
437 4099 568 4164 Geaclitou,
584 4076 687 4156 Rde
703 4103 843 4169 (Murbac.)
860 4121 886 4172 γ.
915 4054 1076 4167 θεεοιιξῖνοη,
1093 4102 1122 4167 β.
1150 4146 1182 4155 ,,
1209 4102 1313 4153 dicimus
1406 4110 1411 4122 ’

186 4172 265 4226 4,88.
284 4173 360 4229 ⁶25⁰·
387 4207 420 4218 -
445 4167 615 4232 metallum.
640 4212 673 4222 ..
698 4174 1129 4239 mpuuronovadsomteo.
1147 4170 1312 4238 cyprulvd.

184 4231 319 4352 ἔξω
347 4232 522 4302 ΜΡῙΙΜΓ.
549 4278 581 4288 -.
607 4238 742 4291 Herodotus
758 4249 789 4303 3,
807 4246 864 4291 116.
882 4246 911 4304 4,
929 4245 969 4294 27.
991 4282 1023 4293 -
1049 4238 1183 4292 Aristolaus
1198 4236 1313 4298 cocceius,
