2896 4800
200 247 265 312 350
553 258 758 306 aaruaffls
779 256 974 306 marculae

201 415 293 482 cuius
312 411 452 499 pretium
472 411 508 475 in
528 410 627 476 libras
647 431 706 487 xx,
728 410 840 498 nigrae
860 430 937 474 vero
956 430 1016 473 xu.
1039 405 1123 474 Chia
1144 431 1163 473 e
1183 409 1324 476 lentisco

201 513 338 579 traditur
356 511 450 600 gigni
471 511 644 577 cummium
665 510 778 586 mod03
800 511 997 576 adulteratur
1017 519 1055 574 ut
1075 519 1149 573 tura
1168 510 1287 576 resina.

243 617 295 680 37.
319 612 446 678 Arabia
471 613 645 677 etiamnum
673 622 706 677 et
733 611 848 677 ladano
869 611 1043 701 gloriatum
1070 612 1153 677 forte
1179 634 1323 697 casuque
1339 629 1372 678 ta

200 717 261 782 hoc
281 725 314 780 et
334 713 453 778 iniuria
472 713 580 780 odoris
600 713 672 779 fieri
696 713 807 800 plures
835 712 996 779 tradidere
1022 735 1201 799 caprasque
1219 715 1323 780 male-

198 817 295 883 ficum
315 815 394 880 alias
416 815 584 881 frondibus
605 814 732 893 animal,
761 815 965 880 odoratorum
990 836 1068 880 vero
1089 816 1243 880 fruticum
1263 839 1323 882 ex·

199 917 382 1005 patentius,
414 927 577 1000 tamquam
603 916 793 1005 intellegant
822 915 942 1002 pretia,
976 937 1109 1001 carpere
1140 917 1323 1004 germinum

199 1019 299 1085 caulis
320 1018 486 1104 praedulci
506 1018 628 1102 liquore
650 1017 832 1105 turguentis
853 1016 1132 1101 destillantemque
1146 1017 1187 1083 ab
1200 1018 1251 1083 his
1266 1040 1321 1083 ca·

199 1142 255 1185 sus
275 1120 417 1185 mixtura
438 1141 550 1184 sucum
571 1118 707 1207 inprobo
727 1117 901 1184 barbarum
914 1118 990 1183 villo
1005 1118 1211 1207 abstergere3
1232 1119 1323 1185 hunc

199 1221 372 1308 glomerari
393 1221 536 1305 pulvere,
567 1219 697 1305 incoqui
718 1220 783 1285 sole
805 1229 839 1285 et
858 1219 934 1284 ideo
954 1220 990 1283 in
1015 1219 1130 1285 ladano
1151 1241 1322 1304 caprarum

198 1321 281 1407 pilos
308 1343 394 1399 esse3
424 1320 481 1386 sed
506 1321 568 1386 hoc
595 1343 660 1386 non
687 1320 764 1386 alibi
791 1319 861 1385 fieri
888 1341 985 1404 quam
1011 1319 1047 1384 in
1067 1319 1243 1386 Nabataeis
1262 1321 1322 1403 qui

92 1492 97 1500 .
199 1432 273 1487 sunt
294 1444 336 1487 ex
348 1420 472 1487 Arabia
491 1421 679 1486 contermini
693 1418 820 1505 Syriae.
842 1419 1053 1487 Recentiores
1074 1442 1115 1486 ex
1136 1419 1321 1487 auctoribus
1336 1434 1368 1482 74

199 1520 346 1587 stabolau
366 1520 427 1586 hoc
447 1532 565 1587 vocant
586 1521 779 1604 traduntque
801 1521 897 1587 silvas
917 1520 1067 1587 Arabum
1087 1531 1183 1607 pastu
1204 1542 1320 1606 capra-

198 1643 272 1686 rum
291 1621 423 1708 infringi
445 1631 542 1705 atque
562 1622 609 1686 ita
629 1643 744 1686 aucum
764 1622 849 1688 villis
869 1622 1105 1700 inhaerescere,
1126 1643 1239 1687 verum
1260 1644 1320 1686 au·

199 1731 266 1788 tem
285 1721 439 1788 ladanum
461 1720 563 1809 Cypri
584 1722 709 1788 insulae
730 1717 810 1803 esse,
840 1733 877 1787 ut
903 1722 1008 1789 obiter
1034 1745 1180 1808 quaeque
1199 1744 1321 1810 genera

199 1823 335 1889 odorum
362 1823 526 1902 dicantur,
560 1824 707 1907 quamvis
735 1847 800 1889 uon
827 1834 985 1890 terrarum
1011 1824 1141 1902 ordine3
1174 1825 1320 1890 similiter

198 1923 262 1990 hoc
288 1923 335 1990 ibi
360 1923 431 1990 fieri
458 1925 589 1990 tradunt
616 1935 649 1991 et
675 1947 747 1991 esse
772 1947 930 2010 oesypum
949 1925 1109 1990 hircorum
1129 1924 1237 1992 barbis
1258 1949 1318 2014 ge·

198 2025 358 2109 nibusque
379 2025 501 2091 villosis
522 2025 702 2105 inhaerens,
731 2026 789 2092 sed
808 2025 944 2091 hederae
965 2025 1044 2092 flore
1064 2027 1189 2105 deroso,
1216 2027 1319 2112 pasti-

198 2126 259 2192 bus
279 2127 455 2206 matutinis,
485 2149 559 2192 cum
580 2136 630 2193 est
649 2128 813 2193 rorulenta
836 2125 984 2212 Cypros3
1017 2127 1093 2192 dein
1112 2125 1229 2192 nebula
1250 2125 1320 2191 sole

198 2227 345 2295 discussa
370 2227 404 2293 in
433 2228 599 2313 pulverem
627 2227 830 2294 madentibus
856 2228 941 2293 villis
968 2228 1194 2295 adhaerescere
1220 2237 1319 2311 atque

197 2326 244 2392 ita
263 2328 414 2394 ladanum
436 2328 574 2413 depecti.
597 2326 682 2394 Sunt
702 2329 758 2413 qui
779 2328 912 2395 herbam
932 2328 967 2393 in
990 2326 1112 2415 Cypro,
1135 2349 1177 2394 ex
1198 2350 1263 2413 qua
1282 2327 1319 2392 id
1333 2337 1365 2386 75

198 2427 264 2507 fiat,
286 2429 393 2495 ledam
413 2431 577 2517 appellant
583 2453 593 2505 3
617 2429 734 2495 etenim
754 2429 800 2495 illi
814 2430 965 2496 ledanum
977 2440 1111 2509 vocant3
1133 2429 1230 2495 huius
1243 2429 1318 2515 pin-

234 2597 387 2663 Clielentreco,
399 2604 423 2652 d.
444 2599 618 2665 Ohielentr'rcoa,
629 2618 653 2652 a.
670 2604 704 2654 V.
715 2603 831 2654 Dioscor.
845 2608 868 2665 1,
881 2608 923 2653 00.
940 2643 972 2654 ..
990 2602 1122 2664 cummium,
1133 2604 1171 2653 a¹.
1188 2601 1317 2663 ecmmium,

199 2668 224 2717 d.
240 2666 374 2730 pammiam,
386 2670 450 2720 Ta2.
466 2669 561 2732 gummi,
572 2665 624 2733 βγ.
642 2710 673 2720 ..
692 2678 718 2718 at
730 2678 792 2730 tura,
803 2672 819 2733 ᾖ
832 2675 872 2720 65.

232 2737 301 2798 573.
319 2734 481 2797 athanaco.
507 2775 539 2786 ..
566 2735 644 2786 odera
652 2735 725 2799 fieri,
743 2738 850 2788 Salmas.
867 2751 948 2787 exerc.
960 2752 986 2802 p.
999 2738 1138 2789 uthaD.
1161 2735 1317 2799 adorasfieri,

198 2803 258 2852 adr.
285 2798 516 2867 odorems.‚Dalec.
534 2799 760 2869 fiedodora,‚ssr.
778 2804 841 2867 fleri
851 2805 1048 2866 aaewra,Pint
1076 2845 1108 2854 ..
1135 2805 1317 2869 eaprcsqami.

197 2867 331 2932 caprisque,
343 2886 366 2921 a.
384 2886 479 2935 capras,
490 2866 541 2936 βγ.
559 2911 592 2921 ..
601 2871 732 2934 frondua,
745 2875 781 2922 a¹.
801 2911 832 2921 ..
854 2871 1005 2936 expetendas,
1020 2864 1067 2923 Or.
1090 2872 1258 2937 reprimatur,
1271 2873 1317 2921 ad.

197 2935 354 2999 appetentiae,
369 2933 422 3001 βγ.
445 2979 477 2988 ..
505 2954 613 3002 carpere,
625 2940 649 2988 d.
671 2955 762 3004 capere,
774 2955 795 2990 r.
817 2953 911 3003 capere
923 2935 1081 3000 (11110ηεί0
1091 2941 1177 2990 medio
1188 2935 1280 3000 erasa),
1291 2953 1316 2988 a.

199 3004 288 3055 Omitt
299 3005 425 3056 Harduini
438 3021 537 3070 operae,
549 3022 574 3073 γ.
594 3047 626 3058 ..
651 3007 775 3071 petrinam,
788 3009 811 3057 d.
831 3047 863 3056 ..
890 3005 1099 3071 certantemque,
1111 3009 1135 3057 d.
1154 3005 1317 3056 camaram.

141 3118 144 3123 .
197 3086 251 3135 que,
265 3067 336 3136 αβγ.
350 3113 382 3124 ..
395 3073 509 3136 matera,
517 3091 541 3125 a.
562 3090 619 3124 caea
628 3073 653 3123 io
663 3083 758 3135 terram,
768 3077 856 3126 Petav.
865 3076 933 3138 apud
941 3076 1049 3137 Broter,
1059 3076 1103 3139 qui
1111 3077 1166 3138 ipse
1175 3089 1234 3124 cum
1241 3075 1318 3133 Pint,

197 3137 580 3206 sarracenorumque
594 3157 683 3193 vocem
695 3157 743 3207 pro
759 3142 913 3206 glossemate
927 3142 1011 3192 habat.
1033 3182 1066 3192 ..
1084 3140 1219 3205 pulverea,
1229 3142 1275 3189 ad.
1292 3140 1319 3188 in

193 3205 322 3270 pulverem,
332 3209 447 3258 Oudend.
457 3212 490 3260 ad
497 3210 594 3274 Appul.
607 3217 710 3260 metam.
720 3226 745 3274 p.
756 3216 813 3260 440.
826 3224 840 3258 e
852 3211 925 3260 codd.
936 3210 975 3260 At
983 3211 1096 3261 v.Haud.
1105 3210 1216 3260 'Iurselh
1225 3215 1249 3268 3,
1259 3213 1318 3258 326.

231 3272 246 3334 5
260 3278 300 3326 74.
317 3275 429 3338 archelan,
445 3292 459 3327 r
470 3275 556 3340 (codd.
574 3277 681 3328 Salmas.
698 3291 781 3327 exerc.
798 3291 823 3340 p.
835 3281 892 3327 260.
910 3277 934 3326 b.
946 3278 978 3327 B.
990 3285 1016 3328 et
1028 3290 1116 3327 omnen
1127 3276 1199 3324 codd.
1212 3275 1239 3322 in
1250 3271 1318 3336 ind.)

195 3340 402 3407 atrebataadssr.
430 3383 462 3392 ..
487 3343 597 3408 refringi,
608 3339 638 3405 β.
665 3383 698 3394 ..
723 3342 1180 3406 meoalbeiahorrescm,K(codd.
1193 3337 1317 3400 Salmas.)

197 3447 230 3457 ..
248 3406 334 3468 imula,
350 3403 379 3458 θ.
405 3408 514 3471 insulana
527 3412 599 3462 Tad.
617 3412 684 3462 Plin.
696 3410 721 3459 io
732 3409 811 3459 iacula
820 3411 920 3462 videtur
930 3412 1065 3476 scripsisse.
1091 3448 1123 3458 ...
1150 3406 1237 3467 ittae
1265 3405 1318 3468 cai,

197 3476 234 3524 ⁸¹.
260 3481 283 3522 et
293 3474 334 3536 ici,
346 3471 418 3540 ᾱβγ.
446 3515 478 3527 ...
504 3492 561 3538 eree,
574 3492 624 3527 om.
636 3473 666 3538 β.
693 3518 725 3528 ..
752 3477 887 3542 capsarum.
913 3518 945 3529 ..
970 3476 1183 3543 peccans..
1209 3471 1318 3537 haam,

196 3542 306 3594 Broterii
319 3557 419 3607 operae,
431 3557 456 3608 γ.
474 3542 612 3606 traicerem,-
625 3543 757 3605 hedeulaa
771 3545 890 3596 Cantent
903 3547 1061 3597 adDioscor.
1071 3561 1097 3609 p.
1109 3546 1167 3594 227.
1185 3539 1318 3599 inhaerear,

196 3607 350 3674 sphaerulae,
372 3610 486 3675 Scaliger
506 3613 578 3677 epist.
594 3627 620 3676 p.
639 3618 694 3664 105.
712 3620 738 3662 et
756 3618 825 3673 125,
842 3614 885 3676 qui
902 3615 1026 3677 quosdam
1041 3614 1121 3663 libros
1138 3607 1177 3673 (1)
1192 3606 1319 3672 spaerulae

197 3677 292 3728 hebere
308 3678 376 3740 dicit,
392 3679 447 3742 ipse
464 3686 549 3729 tamen
566 3680 672 3730 dubitat
694 3678 832 3741 inhaererem
846 3678 935 3742 sedere,
947 3682 1057 3731 Palmer.
1070 3681 1103 3730 ad
1113 3678 1226 3742 Hesyoh.
1239 3677 1270 3726 Τ.
1282 3676 1318 3724 11.

196 3758 223 3809 p.
235 3751 293 3796 410.
312 3785 344 3795 ..
359 3744 433 3810 solio,
444 3746 535 3797 Dalec.
558 3786 591 3797 ..
617 3744 714 3812 Cypros,
727 3747 796 3796 delet
812 3747 926 3810 Scaliger
936 3763 961 3810 p.
975 3754 1032 3798 106.
1045 3755 1070 3797 et
1084 3752 1140 3797 125.
1159 3785 1191 3794 ..
1221 3742 1282 3798 dein.
1294 3759 1318 3792 a.

196 3808 383 3942 D‘in‘ffqudssr‘
402 3852 435 3864 ..
452 3813 477 3863 in
485 3811 613 3878 pulverem,
625 3831 642 3865 a
653 3811 740 3876 (codd.
754 3814 870 3865 Oudend.
882 3817 914 3864 ad
926 3815 1024 3879 Appul.
1036 3821 1096 3864 met.
1107 3828 1133 3877 p.
1146 3809 1218 3874 404.)
1234 3807 1318 3875 pulce-

198 3893 247 3928 rem
335 3917 341 3930 .

231 3916 300 4010 s'tc.
315 3894 415 4010 iudana,
426 3950 494 4000 Pint.
513 3989 545 4000 ...
563 3945 687 4013 appellant
708 3939 809 3999 Oura.
827 3947 955 4013 appellent,
966 3944 995 4010 β.
1014 3988 1046 3998 ..
1066 3944 1182 4008 iudanon,
1198 3945 1265 3996 Pint
1284 3983 1317 3992 -

196 4009 288 4075 piapai,
304 4007 373 4065 Ora.
391 4056 423 4067 ..
442 4015 530 4079 itaque,
542 4032 566 4066 a.
583 4023 662 4079 atque,
678 3984 759 4065 de.
779 4056 811 4065 ..
840 4015 958 4076 attractia
970 4017 1022 4066 Ta.
1045 4013 1166 4074 carratae,
1182 4007 1211 4062 θ.
1233 4019 1256 4059 et
1268 4017 1319 4058 tro-

23 4092 33 4100 ·
108 4142 110 4147 ,
198 4077 250 4138 otti,
262 4081 286 4129 d.
303 4082 383 4133 Varia
394 4086 425 4133 dc
437 4085 463 4133 h.
476 4084 493 4133 l.
506 4084 668 4134 coniecerunt
678 4084 776 4144 Dulce,
793 4082 907 4147 Scaliger
922 4084 995 4146 epist
1006 4097 1031 4146 p.
1046 4085 1102 4132 107.
1115 4083 1173 4132 coll.
1184 4096 1210 4144 p,
1225 4082 1281 4129 122.
1294 4086 1320 4127 et

199 4144 307 4199 Salmas.
320 4162 401 4199 exerc.
414 4164 438 4213 p.
449 4156 506 4203 257.
520 4167 542 4201 a.
554 4152 585 4201 Β.
594 4152 625 4200 Ε.
634 4152 673 4211 R,
684 4165 767 4214 neque
777 4152 866 4213 negari
876 4156 963 4214 potest
973 4149 1057 4210 verba,
1068 4149 1106 4198 uti
1114 4163 1183 4199 nunc
1191 4149 1319 4210 leguntur,

199 4212 309 4277 intelligi
320 4229 373 4264 non
381 4231 463 4280 posse.
481 4217 627 4270 Afferamus
639 4218 749 4282 primum
759 4219 836 4269 rerba
846 4216 1004 4271 uioearidis
1015 4217 1047 4268 de
1058 4217 1147 4268 eadem
1156 4230 1184 4266 rc
1191 4214 1320 4278 loquentia
