<?xml version="1.0" encoding="UTF-8"?>
<!DOCTYPE html PUBLIC "-//W3C//DTD XHTML 1.0 Transitional//EN"
    "http://www.w3.org/TR/xhtml1/DTD/xhtml1-transitional.dtd">
<html xmlns="http://www.w3.org/1999/xhtml" xml:lang="en" lang="en">
 <head>
  <title>
</title>
<meta http-equiv="Content-Type" content="text/html;charset=utf-8" />
  <meta name='ocr-system' content='tesseract 3.04.00' />
  <meta name='ocr-capabilities' content='ocr_page ocr_carea ocr_par ocr_line ocrx_word'/>
</head>
<body>
  <div class='ocr_page' id='page_1' title='image "./cplinisecundina09plingoog_0488.png"; bbox 0 0 2896 4800; ppageno 0'>
   <div class='ocr_carea' id='block_1_1' title="bbox 350 252 1258 319">
    <p class='ocr_par' dir='ltr' id='par_1_1' title="bbox 350 252 1258 319">
     <span class='ocr_line' id='line_1_1' title="bbox 350 252 1258 319; baseline -0.003 -2"><span class='ocrx_word' id='word_1_1' title='bbox 350 273 421 318; x_wconf 81' lang='lat' dir='ltr'><strong>nm.</strong></span> <span class='ocrx_word' id='word_1_2' title='bbox 437 272 498 319; x_wconf 81' lang='lat' dir='ltr'><strong>xv.</strong></span> <span class='ocrx_word' id='word_1_3' title='bbox 522 270 600 317; x_wconf 72' lang='lat' dir='ltr'><strong>cnr.</strong></span> <span class='ocrx_word' id='word_1_4' title='bbox 616 271 717 317; x_wconf 79' lang='lat' dir='ltr'><strong>xxm.</strong></span> <span class='ocrx_word' id='word_1_5' title='bbox 735 270 832 317; x_wconf 74' lang='lat' dir='ltr'><strong>nuru.</strong></span> <span class='ocrx_word' id='word_1_6' title='bbox 857 268 956 317; x_wconf 76' lang='lat' dir='ltr'><strong>sucu.</strong></span> <span class='ocrx_word' id='word_1_7' title='bbox 970 260 1061 307; x_wconf 72' lang='lat'>25-29·</span> <span class='ocrx_word' id='word_1_8' title='bbox 1196 252 1258 314; x_wconf 84' lang='grc'><strong>473</strong></span> 
     </span>
    </p>
   </div>
   <div class='ocr_carea' id='block_1_2' title="bbox 90 406 1377 2411">
    <p class='ocr_par' dir='ltr' id='par_1_2' title="bbox 139 406 1377 1014">
     <span class='ocr_line' id='line_1_2' title="bbox 182 406 1377 508; baseline -0.006 -19"><span class='ocrx_word' id='word_1_9' title='bbox 182 428 233 492; x_wconf 79' lang='grc'><strong>27.</strong></span> <span class='ocrx_word' id='word_1_10' title='bbox 266 423 402 508; x_wconf 85' lang='lat' dir='ltr'>Reliqua</span> <span class='ocrx_word' id='word_1_11' title='bbox 424 422 551 488; x_wconf 83' lang='lat' dir='ltr'><strong>carnosi</strong></span> <span class='ocrx_word' id='word_1_12' title='bbox 573 432 647 487; x_wconf 89' lang='lat' dir='ltr'><strong>sunt</strong></span> <span class='ocrx_word' id='word_1_13' title='bbox 668 421 795 508; x_wconf 88' lang='lat' dir='ltr'><strong>generis</strong></span> <span class='ocrx_word' id='word_1_14' title='bbox 818 441 918 504; x_wconf 88' lang='lat' dir='ltr'><strong>eaque</strong></span> <span class='ocrx_word' id='word_1_15' title='bbox 944 419 1035 484; x_wconf 89' lang='lat' dir='ltr'><strong>bacis</strong></span> <span class='ocrx_word' id='word_1_16' title='bbox 1062 429 1159 504; x_wconf 89' lang='lat' dir='ltr'><strong>atque</strong></span> <span class='ocrx_word' id='word_1_17' title='bbox 1188 443 1259 486; x_wconf 89' lang='lat' dir='ltr'><strong>car·</strong></span> <span class='ocrx_word' id='word_1_18' title='bbox 1273 439 1305 483; x_wconf 81' lang='lat' dir='ltr'><strong>ss</strong></span> <span class='ocrx_word' id='word_1_19' title='bbox 1374 406 1377 411; x_wconf 42' lang='lat'>¹</span> 
     </span>
     <span class='ocr_line' id='line_1_3' title="bbox 139 520 1259 601; baseline -0.006 -8"><span class='ocrx_word' id='word_1_20' title='bbox 139 527 234 592; x_wconf 85' lang='lat' dir='ltr'><strong>nibus</strong></span> <span class='ocrx_word' id='word_1_21' title='bbox 256 526 385 590; x_wconf 84' lang='lat' dir='ltr'><strong>distant.</strong></span> <span class='ocrx_word' id='word_1_22' title='bbox 422 523 499 588; x_wconf 89' lang='lat' dir='ltr'><strong>Alia</strong></span> <span class='ocrx_word' id='word_1_23' title='bbox 520 523 619 589; x_wconf 89' lang='lat' dir='ltr'><strong>acinis</strong></span> <span class='ocrx_word' id='word_1_24' title='bbox 641 545 725 601; x_wconf 89' lang='lat' dir='ltr'><strong>carc,</strong></span> <span class='ocrx_word' id='word_1_25' title='bbox 749 522 811 587; x_wconf 86' lang='lat' dir='ltr'><strong>ulia</strong></span> <span class='ocrx_word' id='word_1_26' title='bbox 831 521 940 599; x_wconf 90' lang='lat' dir='ltr'><strong>moris,</strong></span> <span class='ocrx_word' id='word_1_27' title='bbox 963 520 1025 584; x_wconf 89' lang='lat' dir='ltr'><strong>alia</strong></span> <span class='ocrx_word' id='word_1_28' title='bbox 1046 520 1259 600; x_wconf 78' lang='lat' dir='ltr'><strong>unedonibus,</strong></span> 
     </span>
     <span class='ocr_line' id='line_1_4' title="bbox 141 620 1261 708; baseline -0.004 -16"><span class='ocrx_word' id='word_1_29' title='bbox 141 640 174 692; x_wconf 92' lang='lat' dir='ltr'><strong>et</strong></span> <span class='ocrx_word' id='word_1_30' title='bbox 194 626 257 691; x_wconf 91' lang='lat' dir='ltr'><strong>alia</strong></span> <span class='ocrx_word' id='word_1_31' title='bbox 278 625 379 691; x_wconf 86' lang='lat' dir='ltr'><strong>acinis</strong></span> <span class='ocrx_word' id='word_1_32' title='bbox 399 624 484 690; x_wconf 88' lang='lat' dir='ltr'><strong>inter</strong></span> <span class='ocrx_word' id='word_1_33' title='bbox 506 632 612 689; x_wconf 90' lang='lat' dir='ltr'><strong>cutem</strong></span> <span class='ocrx_word' id='word_1_34' title='bbox 639 645 825 708; x_wconf 80' lang='lat' dir='ltr'><strong>sucumque,</strong></span> <span class='ocrx_word' id='word_1_35' title='bbox 853 622 915 687; x_wconf 90' lang='lat' dir='ltr'><strong>alia</strong></span> <span class='ocrx_word' id='word_1_36' title='bbox 941 620 1057 706; x_wconf 82' lang='lat' dir='ltr'><strong>myxis,</strong></span> <span class='ocrx_word' id='word_1_37' title='bbox 1087 622 1150 685; x_wconf 90' lang='lat' dir='ltr'><strong>alia</strong></span> <span class='ocrx_word' id='word_1_38' title='bbox 1171 622 1261 688; x_wconf 86' lang='lat' dir='ltr'><strong>bacis</strong></span> 
     </span>
     <span class='ocr_line' id='line_1_5' title="bbox 140 722 1261 801; baseline -0.004 -9"><span class='ocrx_word' id='word_1_39' title='bbox 140 737 177 792; x_wconf 94' lang='lat' dir='ltr'><strong>ut</strong></span> <span class='ocrx_word' id='word_1_40' title='bbox 198 727 300 794; x_wconf 83' lang='lat' dir='ltr'><strong>olivis.</strong></span> <span class='ocrx_word' id='word_1_41' title='bbox 336 724 439 792; x_wconf 88' lang='lat' dir='ltr'><strong>Moris</strong></span> <span class='ocrx_word' id='word_1_42' title='bbox 462 747 559 790; x_wconf 85' lang='lat' dir='ltr'><strong>sucus</strong></span> <span class='ocrx_word' id='word_1_43' title='bbox 580 725 613 788; x_wconf 92' lang='lat' dir='ltr'><strong>in</strong></span> <span class='ocrx_word' id='word_1_44' title='bbox 635 746 731 790; x_wconf 89' lang='lat' dir='ltr'><strong>carne</strong></span> <span class='ocrx_word' id='word_1_45' title='bbox 753 725 894 801; x_wconf 87' lang='lat' dir='ltr'><strong>vinosus,</strong></span> <span class='ocrx_word' id='word_1_46' title='bbox 924 722 999 787; x_wconf 89' lang='lat' dir='ltr'><strong>trini</strong></span> <span class='ocrx_word' id='word_1_47' title='bbox 1022 724 1154 801; x_wconf 88' lang='lat' dir='ltr'><strong>colores,</strong></span> <span class='ocrx_word' id='word_1_48' title='bbox 1183 746 1261 788; x_wconf 87' lang='lat' dir='ltr'><strong>cau-</strong></span> 
     </span>
     <span class='ocr_line' id='line_1_6' title="bbox 140 822 1306 913; baseline -0.008 -20"><span class='ocrx_word' id='word_1_49' title='bbox 140 829 235 893; x_wconf 91' lang='lat' dir='ltr'><strong>didus</strong></span> <span class='ocrx_word' id='word_1_50' title='bbox 257 828 372 913; x_wconf 90' lang='lat' dir='ltr'><strong>primo,</strong></span> <span class='ocrx_word' id='word_1_51' title='bbox 395 849 471 891; x_wconf 88' lang='lat' dir='ltr'><strong>mox</strong></span> <span class='ocrx_word' id='word_1_52' title='bbox 492 826 622 905; x_wconf 79' lang='lat' dir='ltr'><strong>rubens,</strong></span> <span class='ocrx_word' id='word_1_53' title='bbox 645 825 777 891; x_wconf 87' lang='lat' dir='ltr'><strong>maturis</strong></span> <span class='ocrx_word' id='word_1_54' title='bbox 798 825 901 911; x_wconf 85' lang='lat' dir='ltr'><strong>niger.</strong></span> <span class='ocrx_word' id='word_1_55' title='bbox 939 822 1181 889; x_wconf 74' lang='lat' dir='ltr'><strong>In&#39;novissimis</strong></span> <span class='ocrx_word' id='word_1_56' title='bbox 1202 823 1261 889; x_wconf 90' lang='lat' dir='ltr'><strong>flo-</strong></span> <span class='ocrx_word' id='word_1_57' title='bbox 1275 837 1306 885; x_wconf 77' lang='lat' dir='ltr'><strong>ar</strong></span> 
     </span>
     <span class='ocr_line' id='line_1_7' title="bbox 140 927 1260 1014; baseline -0.004 -20"><span class='ocrx_word' id='word_1_58' title='bbox 140 940 222 1008; x_wconf 87' lang='lat' dir='ltr'><strong>rent,</strong></span> <span class='ocrx_word' id='word_1_59' title='bbox 245 928 329 994; x_wconf 88' lang='lat' dir='ltr'><strong>inter</strong></span> <span class='ocrx_word' id='word_1_60' title='bbox 350 928 455 1013; x_wconf 90' lang='lat' dir='ltr'><strong>prima</strong></span> <span class='ocrx_word' id='word_1_61' title='bbox 475 937 710 1003; x_wconf 82' lang='lat' dir='ltr'><strong>maturescunt3</strong></span> <span class='ocrx_word' id='word_1_62' title='bbox 744 927 874 1014; x_wconf 87' lang='lat' dir='ltr'><strong>tingunt</strong></span> <span class='ocrx_word' id='word_1_63' title='bbox 893 948 1006 990; x_wconf 89' lang='lat' dir='ltr'><strong>manus</strong></span> <span class='ocrx_word' id='word_1_64' title='bbox 1028 947 1104 990; x_wconf 89' lang='lat' dir='ltr'><strong>suco</strong></span> <span class='ocrx_word' id='word_1_65' title='bbox 1125 936 1260 1005; x_wconf 87' lang='lat' dir='ltr'><strong>matura,</strong></span> 
     </span>
    </p>

    <p class='ocr_par' dir='ltr' id='par_1_3' title="bbox 101 1027 1262 1424">
     <span class='ocr_line' id='line_1_8' title="bbox 141 1027 1261 1115; baseline -0.004 -19"><span class='ocrx_word' id='word_1_66' title='bbox 141 1030 252 1097; x_wconf 88' lang='lat' dir='ltr'><strong>eluunt</strong></span> <span class='ocrx_word' id='word_1_67' title='bbox 273 1030 397 1095; x_wconf 83' lang='lat' dir='ltr'><strong>acerba</strong></span> <span class='ocrx_word' id='word_1_68' title='bbox 419 1028 602 1094; x_wconf 90' lang='lat' dir='ltr'><strong>Minumum</strong></span> <span class='ocrx_word' id='word_1_69' title='bbox 623 1029 657 1094; x_wconf 92' lang='lat' dir='ltr'><strong>in</strong></span> <span class='ocrx_word' id='word_1_70' title='bbox 677 1028 738 1093; x_wconf 87' lang='lat' dir='ltr'><strong>hac</strong></span> <span class='ocrx_word' id='word_1_71' title='bbox 760 1028 873 1093; x_wconf 88' lang='lat' dir='ltr'><strong>arbore</strong></span> <span class='ocrx_word' id='word_1_72' title='bbox 893 1028 1024 1115; x_wconf 86' lang='lat' dir='ltr'><strong>ingenia</strong></span> <span class='ocrx_word' id='word_1_73' title='bbox 1044 1027 1261 1112; x_wconf 83' lang='lat' dir='ltr'><strong>profecerunt,</strong></span> 
     </span>
     <span class='ocr_line' id='line_1_9' title="bbox 101 1116 1262 1214; baseline -0.001 -20"><span class='ocrx_word' id='word_1_74' title='bbox 101 1116 104 1122; x_wconf 39' lang='lat'><em>¹</em></span> <span class='ocrx_word' id='word_1_75' title='bbox 140 1152 201 1195; x_wconf 91' lang='lat' dir='ltr'><strong>nec</strong></span> <span class='ocrx_word' id='word_1_76' title='bbox 227 1130 410 1196; x_wconf 84' lang='lat' dir='ltr'><strong>nominibus</strong></span> <span class='ocrx_word' id='word_1_77' title='bbox 438 1153 498 1195; x_wconf 89' lang='lat' dir='ltr'><strong>nec</strong></span> <span class='ocrx_word' id='word_1_78' title='bbox 522 1130 628 1197; x_wconf 89' lang='lat' dir='ltr'><strong>insitis</strong></span> <span class='ocrx_word' id='word_1_79' title='bbox 656 1153 716 1196; x_wconf 91' lang='lat' dir='ltr'><strong>nec</strong></span> <span class='ocrx_word' id='word_1_80' title='bbox 742 1129 804 1195; x_wconf 89' lang='lat' dir='ltr'><strong>alio</strong></span> <span class='ocrx_word' id='word_1_81' title='bbox 832 1129 926 1196; x_wconf 90' lang='lat' dir='ltr'><strong>modo</strong></span> <span class='ocrx_word' id='word_1_82' title='bbox 954 1151 1051 1213; x_wconf 87' lang='lat' dir='ltr'><strong>quam</strong></span> <span class='ocrx_word' id='word_1_83' title='bbox 1077 1129 1166 1214; x_wconf 88' lang='lat' dir='ltr'><strong>pomi</strong></span> <span class='ocrx_word' id='word_1_84' title='bbox 1193 1151 1262 1193; x_wconf 91' lang='lat' dir='ltr'><strong>ma·</strong></span> 
     </span>
     <span class='ocr_line' id='line_1_10' title="bbox 141 1229 1260 1320; baseline -0.004 -22"><span class='ocrx_word' id='word_1_85' title='bbox 141 1233 327 1320; x_wconf 83' lang='lat' dir='ltr'><strong>gnitudine3</strong></span> <span class='ocrx_word' id='word_1_86' title='bbox 362 1232 515 1298; x_wconf 86' lang='lat' dir='ltr'><strong>differunt</strong></span> <span class='ocrx_word' id='word_1_87' title='bbox 542 1255 631 1298; x_wconf 92' lang='lat' dir='ltr'><strong>mora</strong></span> <span class='ocrx_word' id='word_1_88' title='bbox 661 1229 826 1298; x_wconf 88' lang='lat' dir='ltr'><strong>Ostiensia</strong></span> <span class='ocrx_word' id='word_1_89' title='bbox 853 1241 886 1296; x_wconf 88' lang='lat' dir='ltr'><strong>et</strong></span> <span class='ocrx_word' id='word_1_90' title='bbox 911 1230 1096 1296; x_wconf 81' lang='lat' dir='ltr'><strong>Tusculana</strong></span> <span class='ocrx_word' id='word_1_91' title='bbox 1123 1230 1260 1307; x_wconf 84' lang='lat' dir='ltr'><strong>Romae3</strong></span> 
     </span>
     <span class='ocr_line' id='line_1_11' title="bbox 140 1333 994 1424; baseline -0.002 -24"><span class='ocrx_word' id='word_1_92' title='bbox 140 1345 314 1402; x_wconf 88' lang='lat' dir='ltr'><strong>nascuntur</strong></span> <span class='ocrx_word' id='word_1_93' title='bbox 337 1347 369 1401; x_wconf 91' lang='lat' dir='ltr'><strong>et</strong></span> <span class='ocrx_word' id='word_1_94' title='bbox 390 1334 425 1424; x_wconf 88' lang='lat' dir='ltr'><strong>iu</strong></span> <span class='ocrx_word' id='word_1_95' title='bbox 445 1335 536 1400; x_wconf 91' lang='lat' dir='ltr'><strong>rubis</strong></span> <span class='ocrx_word' id='word_1_96' title='bbox 557 1334 692 1399; x_wconf 91' lang='lat' dir='ltr'><strong>multum</strong></span> <span class='ocrx_word' id='word_1_97' title='bbox 715 1333 881 1398; x_wconf 87' lang='lat' dir='ltr'><strong>differente</strong></span> <span class='ocrx_word' id='word_1_98' title='bbox 904 1333 994 1398; x_wconf 88' lang='lat' dir='ltr'><strong>callo.</strong></span> 
     </span>
    </p>

    <p class='ocr_par' dir='ltr' id='par_1_4' title="bbox 90 1434 1308 2411">
     <span class='ocr_line' id='line_1_12' title="bbox 184 1434 1308 1523; baseline -0.003 -25"><span class='ocrx_word' id='word_1_99' title='bbox 184 1438 235 1503; x_wconf 78' lang='lat'><strong>28.</strong></span> <span class='ocrx_word' id='word_1_100' title='bbox 262 1437 365 1502; x_wconf 92' lang='lat' dir='ltr'><strong>Aliud</strong></span> <span class='ocrx_word' id='word_1_101' title='bbox 386 1458 504 1522; x_wconf 90' lang='lat' dir='ltr'><strong>corpus</strong></span> <span class='ocrx_word' id='word_1_102' title='bbox 526 1446 575 1502; x_wconf 88' lang='lat' dir='ltr'><strong>est</strong></span> <span class='ocrx_word' id='word_1_103' title='bbox 604 1435 808 1501; x_wconf 79' lang='lat' dir='ltr'><strong>terrestribus</strong></span> <span class='ocrx_word' id='word_1_104' title='bbox 836 1434 948 1522; x_wconf 84' lang='lat' dir='ltr'><strong>fragis,</strong></span> <span class='ocrx_word' id='word_1_105' title='bbox 976 1434 1063 1499; x_wconf 90' lang='lat' dir='ltr'><strong>aliud</strong></span> <span class='ocrx_word' id='word_1_106' title='bbox 1090 1435 1263 1523; x_wconf 80' lang='lat' dir='ltr'><strong>congeneri</strong></span> <span class='ocrx_word' id='word_1_107' title='bbox 1276 1449 1308 1495; x_wconf 84' lang='lat' dir='ltr'><strong>as</strong></span> 
     </span>
     <span class='ocr_line' id='line_1_13' title="bbox 141 1535 1263 1623; baseline -0.002 -20"><span class='ocrx_word' id='word_1_108' title='bbox 141 1559 251 1603; x_wconf 86' lang='lat' dir='ltr'><strong>eorum</strong></span> <span class='ocrx_word' id='word_1_109' title='bbox 271 1538 422 1617; x_wconf 87' lang='lat' dir='ltr'><strong>unedoni,</strong></span> <span class='ocrx_word' id='word_1_110' title='bbox 446 1537 534 1623; x_wconf 91' lang='lat' dir='ltr'><strong>quod</strong></span> <span class='ocrx_word' id='word_1_111' title='bbox 555 1537 657 1602; x_wconf 90' lang='lat' dir='ltr'><strong>solum</strong></span> <span class='ocrx_word' id='word_1_112' title='bbox 678 1557 810 1622; x_wconf 90' lang='lat' dir='ltr'><strong>pomum</strong></span> <span class='ocrx_word' id='word_1_113' title='bbox 832 1535 933 1600; x_wconf 88' lang='lat' dir='ltr'><strong>simile</strong></span> <span class='ocrx_word' id='word_1_114' title='bbox 954 1535 1073 1615; x_wconf 76' lang='lat' dir='ltr'><strong>frutici,</strong></span> <span class='ocrx_word' id='word_1_115' title='bbox 1097 1545 1263 1621; x_wconf 85' lang='lat' dir='ltr'><strong>terraeque</strong></span> 
     </span>
     <span class='ocr_line' id='line_1_14' title="bbox 140 1636 1262 1725; baseline 0.003 -26"><span class='ocrx_word' id='word_1_116' title='bbox 140 1636 295 1725; x_wconf 83' lang='lat' dir='ltr'><strong>gignitur.</strong></span> <span class='ocrx_word' id='word_1_117' title='bbox 311 1638 434 1705; x_wconf 88' lang='lat' dir='ltr'><strong>-Arbor</strong></span> <span class='ocrx_word' id='word_1_118' title='bbox 454 1640 526 1725; x_wconf 88' lang='lat' dir='ltr'><strong>ipsa</strong></span> <span class='ocrx_word' id='word_1_119' title='bbox 547 1639 717 1715; x_wconf 85' lang='lat' dir='ltr'><strong>fruticosa3</strong></span> <span class='ocrx_word' id='word_1_120' title='bbox 747 1638 872 1703; x_wconf 83' lang='lat' dir='ltr'><strong>fructus</strong></span> <span class='ocrx_word' id='word_1_121' title='bbox 894 1660 977 1702; x_wconf 84' lang='lat' dir='ltr'><strong>anno</strong></span> <span class='ocrx_word' id='word_1_122' title='bbox 997 1637 1186 1703; x_wconf 84' lang='lat' dir='ltr'><strong>maturescit</strong></span> <span class='ocrx_word' id='word_1_123' title='bbox 1203 1661 1262 1723; x_wconf 89' lang='lat' dir='ltr'><strong>pa-</strong></span> 
     </span>
     <span class='ocr_line' id='line_1_15' title="bbox 139 1737 1262 1825; baseline 0.001 -22"><span class='ocrx_word' id='word_1_124' title='bbox 139 1738 282 1822; x_wconf 85' lang='lat' dir='ltr'><strong>riterque</strong></span> <span class='ocrx_word' id='word_1_125' title='bbox 302 1739 396 1807; x_wconf 86' lang='lat' dir='ltr'><strong>floret</strong></span> <span class='ocrx_word' id='word_1_126' title='bbox 418 1741 616 1807; x_wconf 85' lang='lat' dir='ltr'><strong>subnascens</strong></span> <span class='ocrx_word' id='word_1_127' title='bbox 638 1750 670 1805; x_wconf 87' lang='lat' dir='ltr'><strong>et</strong></span> <span class='ocrx_word' id='word_1_128' title='bbox 690 1739 779 1825; x_wconf 88' lang='lat' dir='ltr'><strong>prior</strong></span> <span class='ocrx_word' id='word_1_129' title='bbox 801 1738 957 1823; x_wconf 86' lang='lat' dir='ltr'><strong>coquitur.</strong></span> <span class='ocrx_word' id='word_1_130' title='bbox 989 1737 1064 1803; x_wconf 88' lang='lat' dir='ltr'><strong>Mas</strong></span> <span class='ocrx_word' id='word_1_131' title='bbox 1086 1739 1190 1803; x_wconf 89' lang='lat' dir='ltr'><strong>sitan</strong></span> <span class='ocrx_word' id='word_1_132' title='bbox 1212 1739 1262 1804; x_wconf 79' lang='lat' dir='ltr'><strong>fe·</strong></span> 
     </span>
     <span class='ocr_line' id='line_1_16' title="bbox 140 1838 1308 1917; baseline -0.003 -13"><span class='ocrx_word' id='word_1_133' title='bbox 140 1839 228 1904; x_wconf 88' lang='lat' dir='ltr'><strong>mina</strong></span> <span class='ocrx_word' id='word_1_134' title='bbox 249 1840 366 1906; x_wconf 88' lang='lat' dir='ltr'><strong>sterilis</strong></span> <span class='ocrx_word' id='word_1_135' title='bbox 387 1842 471 1908; x_wconf 91' lang='lat' dir='ltr'><strong>inter</strong></span> <span class='ocrx_word' id='word_1_136' title='bbox 492 1854 639 1908; x_wconf 87' lang='lat' dir='ltr'><strong>auctores</strong></span> <span class='ocrx_word' id='word_1_137' title='bbox 661 1862 727 1904; x_wconf 92' lang='lat' dir='ltr'><strong>non</strong></span> <span class='ocrx_word' id='word_1_138' title='bbox 748 1849 882 1904; x_wconf 84' lang='lat' dir='ltr'><strong>constat.</strong></span> <span class='ocrx_word' id='word_1_139' title='bbox 904 1838 1041 1903; x_wconf 91' lang='lat' dir='ltr'><strong>Pomum</strong></span> <span class='ocrx_word' id='word_1_140' title='bbox 1062 1839 1262 1917; x_wconf 90' lang='lat' dir='ltr'><strong>inhonorum,</strong></span> <span class='ocrx_word' id='word_1_141' title='bbox 1276 1855 1308 1898; x_wconf 81' lang='lat' dir='ltr'><strong>sa</strong></span> 
     </span>
     <span class='ocr_line' id='line_1_17' title="bbox 90 1939 1262 2031; baseline 0.001 -28"><span class='ocrx_word' id='word_1_142' title='bbox 90 1963 92 1967; x_wconf 92' lang='lat'>·</span> <span class='ocrx_word' id='word_1_143' title='bbox 140 1949 178 2003; x_wconf 89' lang='lat' dir='ltr'><strong>ut</strong></span> <span class='ocrx_word' id='word_1_144' title='bbox 200 1940 251 2004; x_wconf 94' lang='lat' dir='ltr'><strong>cui</strong></span> <span class='ocrx_word' id='word_1_145' title='bbox 272 1962 388 2005; x_wconf 89' lang='lat' dir='ltr'><strong>nomen</strong></span> <span class='ocrx_word' id='word_1_146' title='bbox 409 1965 450 2006; x_wconf 86' lang='lat' dir='ltr'><strong>ex</strong></span> <span class='ocrx_word' id='word_1_147' title='bbox 471 1952 662 2031; x_wconf 85' lang='lat' dir='ltr'><strong>argumento</strong></span> <span class='ocrx_word' id='word_1_148' title='bbox 685 1940 726 2005; x_wconf 88' lang='lat' dir='ltr'><strong>sit</strong></span> <span class='ocrx_word' id='word_1_149' title='bbox 747 1962 848 2004; x_wconf 93' lang='lat' dir='ltr'><strong>unum</strong></span> <span class='ocrx_word' id='word_1_150' title='bbox 871 1949 994 2004; x_wconf 85' lang='lat' dir='ltr'><strong>tantum</strong></span> <span class='ocrx_word' id='word_1_151' title='bbox 1017 1939 1133 2004; x_wconf 88' lang='lat' dir='ltr'><strong>edendi</strong></span> <span class='ocrx_word' id='word_1_152' title='bbox 1140 1965 1150 2017; x_wconf 93' lang='lat'>;</span> <span class='ocrx_word' id='word_1_153' title='bbox 1180 1939 1262 2004; x_wconf 92' lang='lat' dir='ltr'><strong>duo·</strong></span> 
     </span>
     <span class='ocr_line' id='line_1_18' title="bbox 141 2037 1262 2128; baseline 0 -23"><span class='ocrx_word' id='word_1_154' title='bbox 141 2040 202 2105; x_wconf 87' lang='lat' dir='ltr'><strong>bus</strong></span> <span class='ocrx_word' id='word_1_155' title='bbox 225 2049 331 2105; x_wconf 89' lang='lat' dir='ltr'><strong>tamen</strong></span> <span class='ocrx_word' id='word_1_156' title='bbox 352 2040 414 2107; x_wconf 91' lang='lat' dir='ltr'><strong>hoc</strong></span> <span class='ocrx_word' id='word_1_157' title='bbox 434 2043 617 2109; x_wconf 89' lang='lat' dir='ltr'><strong>nominibus</strong></span> <span class='ocrx_word' id='word_1_158' title='bbox 639 2041 803 2128; x_wconf 88' lang='lat' dir='ltr'><strong>appellant</strong></span> <span class='ocrx_word' id='word_1_159' title='bbox 817 2037 946 2118; x_wconf 82' lang='lat' dir='ltr'><strong>Graeci,</strong></span> <span class='ocrx_word' id='word_1_160' title='bbox 970 2061 1118 2105; x_wconf 80' lang='lat' dir='ltr'><strong>comaron</strong></span> <span class='ocrx_word' id='word_1_161' title='bbox 1141 2049 1173 2105; x_wconf 88' lang='lat' dir='ltr'><strong>et</strong></span> <span class='ocrx_word' id='word_1_162' title='bbox 1193 2063 1262 2105; x_wconf 88' lang='lat' dir='ltr'><strong>me·</strong></span> 
     </span>
     <span class='ocr_line' id='line_1_19' title="bbox 140 2141 1263 2229; baseline 0 -22"><span class='ocrx_word' id='word_1_163' title='bbox 140 2142 299 2228; x_wconf 86' lang='lat' dir='ltr'><strong>mecylon,</strong></span> <span class='ocrx_word' id='word_1_164' title='bbox 321 2163 385 2226; x_wconf 91' lang='lat' dir='ltr'><strong>quo</strong></span> <span class='ocrx_word' id='word_1_165' title='bbox 407 2142 542 2227; x_wconf 81' lang='lat' dir='ltr'><strong>adparet</strong></span> <span class='ocrx_word' id='word_1_166' title='bbox 563 2145 696 2209; x_wconf 89' lang='lat' dir='ltr'><strong>totidem</strong></span> <span class='ocrx_word' id='word_1_167' title='bbox 717 2165 788 2208; x_wconf 89' lang='lat' dir='ltr'><strong>esse</strong></span> <span class='ocrx_word' id='word_1_168' title='bbox 809 2164 939 2229; x_wconf 83' lang='lat' dir='ltr'><strong>genera.</strong></span> <span class='ocrx_word' id='word_1_169' title='bbox 960 2141 1004 2206; x_wconf 87' lang='lat' dir='ltr'><strong>Et</strong></span> <span class='ocrx_word' id='word_1_170' title='bbox 1018 2142 1106 2226; x_wconf 89' lang='lat' dir='ltr'><strong>apud</strong></span> <span class='ocrx_word' id='word_1_171' title='bbox 1128 2165 1186 2208; x_wconf 92' lang='lat' dir='ltr'><strong>nos</strong></span> <span class='ocrx_word' id='word_1_172' title='bbox 1201 2141 1263 2207; x_wconf 92' lang='lat' dir='ltr'><strong>alio</strong></span> 
     </span>
     <span class='ocr_line' id='line_1_20' title="bbox 140 2243 1262 2330; baseline 0 -22"><span class='ocrx_word' id='word_1_173' title='bbox 140 2244 269 2309; x_wconf 93' lang='lat' dir='ltr'><strong>nomine</strong></span> <span class='ocrx_word' id='word_1_174' title='bbox 290 2244 424 2310; x_wconf 88' lang='lat' dir='ltr'><strong>arbutus</strong></span> <span class='ocrx_word' id='word_1_175' title='bbox 445 2255 587 2310; x_wconf 88' lang='lat' dir='ltr'><strong>vocatur.</strong></span> <span class='ocrx_word' id='word_1_176' title='bbox 614 2244 695 2310; x_wconf 90' lang='lat' dir='ltr'><strong>Iuba</strong></span> <span class='ocrx_word' id='word_1_177' title='bbox 718 2255 830 2310; x_wconf 88' lang='lat' dir='ltr'><strong>auctor</strong></span> <span class='ocrx_word' id='word_1_178' title='bbox 853 2254 902 2309; x_wconf 87' lang='lat' dir='ltr'><strong>est</strong></span> <span class='ocrx_word' id='word_1_179' title='bbox 922 2243 1183 2330; x_wconf 88' lang='lat' dir='ltr'><strong>quinquagenum</strong></span> <span class='ocrx_word' id='word_1_180' title='bbox 1205 2265 1262 2308; x_wconf 87' lang='lat' dir='ltr'><strong>cu·</strong></span> 
     </span>
     <span class='ocr_line' id='line_1_21' title="bbox 140 2345 846 2411; baseline 0 -1"><span class='ocrx_word' id='word_1_181' title='bbox 140 2345 280 2410; x_wconf 89' lang='lat' dir='ltr'><strong>bitorum</strong></span> <span class='ocrx_word' id='word_1_182' title='bbox 301 2345 466 2410; x_wconf 88' lang='lat' dir='ltr'><strong>altitudine</strong></span> <span class='ocrx_word' id='word_1_183' title='bbox 487 2346 520 2409; x_wconf 92' lang='lat' dir='ltr'><strong>in</strong></span> <span class='ocrx_word' id='word_1_184' title='bbox 541 2345 666 2410; x_wconf 84' lang='lat' dir='ltr'><strong>Arabia</strong></span> <span class='ocrx_word' id='word_1_185' title='bbox 688 2368 760 2411; x_wconf 88' lang='lat' dir='ltr'><strong>esse</strong></span> <span class='ocrx_word' id='word_1_186' title='bbox 782 2367 846 2411; x_wconf 87' lang='lat' dir='ltr'><strong>cas.</strong></span> 
     </span>
    </p>
   </div>
   <div class='ocr_carea' id='block_1_3' title="bbox 139 2431 1325 2738">
    <p class='ocr_par' dir='ltr' id='par_1_5' title="bbox 139 2431 1325 2738">
     <span class='ocr_line' id='line_1_22' title="bbox 183 2431 1325 2534; baseline 0.002 -25"><span class='ocrx_word' id='word_1_187' title='bbox 183 2447 234 2510; x_wconf 82' lang='lat'><strong>29.</strong></span> <span class='ocrx_word' id='word_1_188' title='bbox 247 2431 434 2511; x_wconf 30' lang='lat' dir='ltr'><strong>&#39;Aciuorum</strong></span> <span class='ocrx_word' id='word_1_189' title='bbox 447 2468 574 2531; x_wconf 88' lang='lat' dir='ltr'><strong>quoque</strong></span> <span class='ocrx_word' id='word_1_190' title='bbox 595 2469 714 2534; x_wconf 89' lang='lat' dir='ltr'><strong>magna</strong></span> <span class='ocrx_word' id='word_1_191' title='bbox 735 2457 784 2512; x_wconf 88' lang='lat' dir='ltr'><strong>est</strong></span> <span class='ocrx_word' id='word_1_192' title='bbox 805 2447 1003 2525; x_wconf 84' lang='lat' dir='ltr'><strong>differentia3</strong></span> <span class='ocrx_word' id='word_1_193' title='bbox 1026 2448 1165 2534; x_wconf 90' lang='lat' dir='ltr'><strong>primum</strong></span> <span class='ocrx_word' id='word_1_194' title='bbox 1179 2447 1263 2513; x_wconf 88' lang='lat' dir='ltr'><strong>inter</strong></span> <span class='ocrx_word' id='word_1_195' title='bbox 1276 2458 1325 2505; x_wconf 83' lang='lat'><strong>100</strong></span> 
     </span>
     <span class='ocr_line' id='line_1_23' title="bbox 139 2547 1262 2637; baseline 0.004 -26"><span class='ocrx_word' id='word_1_196' title='bbox 139 2569 220 2613; x_wconf 85' lang='lat' dir='ltr'><strong>uvas</strong></span> <span class='ocrx_word' id='word_1_197' title='bbox 240 2547 328 2635; x_wconf 88' lang='lat' dir='ltr'><strong>ipsas</strong></span> <span class='ocrx_word' id='word_1_198' title='bbox 349 2547 440 2626; x_wconf 90' lang='lat' dir='ltr'><strong>callo,</strong></span> <span class='ocrx_word' id='word_1_199' title='bbox 463 2548 642 2626; x_wconf 84' lang='lat' dir='ltr'><strong>teneritate,</strong></span> <span class='ocrx_word' id='word_1_200' title='bbox 665 2548 889 2626; x_wconf 86' lang='lat' dir='ltr'><strong>crassitudine,</strong></span> <span class='ocrx_word' id='word_1_201' title='bbox 911 2548 1060 2614; x_wconf 88' lang='lat' dir='ltr'><strong>interiore</strong></span> <span class='ocrx_word' id='word_1_202' title='bbox 1081 2549 1169 2637; x_wconf 89' lang='lat' dir='ltr'><strong>ligno</strong></span> <span class='ocrx_word' id='word_1_203' title='bbox 1191 2549 1262 2616; x_wconf 90' lang='lat' dir='ltr'><strong>aliis</strong></span> 
     </span>
     <span class='ocr_line' id='line_1_24' title="bbox 139 2649 1260 2738; baseline 0 -24"><span class='ocrx_word' id='word_1_204' title='bbox 139 2670 240 2734; x_wconf 86' lang='lat' dir='ltr'><strong>parvo</strong></span> <span class='ocrx_word' id='word_1_205' title='bbox 262 2660 295 2715; x_wconf 90' lang='lat' dir='ltr'><strong>et</strong></span> <span class='ocrx_word' id='word_1_206' title='bbox 316 2649 387 2715; x_wconf 89' lang='lat' dir='ltr'><strong>aliis</strong></span> <span class='ocrx_word' id='word_1_207' title='bbox 410 2649 506 2714; x_wconf 84' lang='lat' dir='ltr'><strong>etiarn</strong></span> <span class='ocrx_word' id='word_1_208' title='bbox 524 2650 665 2738; x_wconf 88' lang='lat' dir='ltr'><strong>gemino,</strong></span> <span class='ocrx_word' id='word_1_209' title='bbox 687 2649 743 2734; x_wconf 90' lang='lat' dir='ltr'><strong>qui</strong></span> <span class='ocrx_word' id='word_1_210' title='bbox 758 2650 898 2715; x_wconf 90' lang='lat' dir='ltr'><strong>minume</strong></span> <span class='ocrx_word' id='word_1_211' title='bbox 912 2649 1037 2716; x_wconf 85' lang='lat' dir='ltr'><strong>feraces</strong></span> <span class='ocrx_word' id='word_1_212' title='bbox 1051 2650 1164 2727; x_wconf 90' lang='lat' dir='ltr'><strong>musti;</strong></span> <span class='ocrx_word' id='word_1_213' title='bbox 1187 2650 1260 2736; x_wconf 91' lang='lat' dir='ltr'><strong>plu·</strong></span> 
     </span>
    </p>
   </div>
   <div class='ocr_carea' id='block_1_4' title="bbox 135 2817 1261 3156">
    <p class='ocr_par' dir='ltr' id='par_1_6' title="bbox 135 2817 1261 3156">
     <span class='ocr_line' id='line_1_25' title="bbox 173 2817 1261 2888; baseline 0.005 -18"><span class='ocrx_word' id='word_1_214' title='bbox 173 2817 241 2878; x_wconf 71' lang='grc'><strong>594.</strong></span> <span class='ocrx_word' id='word_1_215' title='bbox 263 2823 345 2873; x_wconf 80' lang='lat' dir='ltr'><strong>Plana</strong></span> <span class='ocrx_word' id='word_1_216' title='bbox 362 2832 396 2872; x_wconf 77' lang='lat' dir='ltr'><strong>eet</strong></span> <span class='ocrx_word' id='word_1_217' title='bbox 412 2832 434 2872; x_wconf 89' lang='lat' dir='ltr'><strong>et</strong></span> <span class='ocrx_word' id='word_1_218' title='bbox 449 2823 594 2886; x_wconf 66' lang='lat' dir='ltr'><strong>Saturione,</strong></span> <span class='ocrx_word' id='word_1_219' title='bbox 606 2825 714 2877; x_wconf 82' lang='lat' dir='ltr'><strong>Salmas.</strong></span> <span class='ocrx_word' id='word_1_220' title='bbox 738 2823 818 2888; x_wconf 82' lang='lat' dir='ltr'><strong>plano</strong></span> <span class='ocrx_word' id='word_1_221' title='bbox 834 2832 869 2873; x_wconf 82' lang='lat' dir='ltr'><strong>ert</strong></span> <span class='ocrx_word' id='word_1_222' title='bbox 883 2825 917 2873; x_wconf 76' lang='lat' dir='ltr'><strong>eir</strong></span> <span class='ocrx_word' id='word_1_223' title='bbox 932 2823 1054 2888; x_wconf 65' lang='lat' dir='ltr'><strong>ahmiu,</strong></span> <span class='ocrx_word' id='word_1_224' title='bbox 1070 2827 1117 2876; x_wconf 82' lang='lat' dir='ltr'><strong>Da</strong></span> <span class='ocrx_word' id='word_1_225' title='bbox 1133 2821 1261 2887; x_wconf 86' lang='lat' dir='ltr'><strong>(Thuan.)</strong></span> 
     </span>
     <span class='ocr_line' id='line_1_26' title="bbox 135 2885 1260 2958; baseline 0.007 -24"><span class='ocrx_word' id='word_1_226' title='bbox 135 2885 216 2950; x_wconf 79' lang='lat' dir='ltr'><strong>plana</strong></span> <span class='ocrx_word' id='word_1_227' title='bbox 227 2905 276 2937; x_wconf 74' lang='lat' dir='ltr'><strong>ease</strong></span> <span class='ocrx_word' id='word_1_228' title='bbox 288 2888 431 2950; x_wconf 70' lang='lat' dir='ltr'><strong>Subaritano,</strong></span> <span class='ocrx_word' id='word_1_229' title='bbox 444 2892 469 2940; x_wconf 94' lang='lat' dir='ltr'><strong>d.</strong></span> <span class='ocrx_word' id='word_1_230' title='bbox 490 2899 513 2940; x_wconf 94' lang='lat' dir='ltr'><strong>et</strong></span> <span class='ocrx_word' id='word_1_231' title='bbox 521 2890 599 2954; x_wconf 83' lang='lat' dir='ltr'><strong>planu</strong></span> <span class='ocrx_word' id='word_1_232' title='bbox 611 2900 645 2940; x_wconf 82' lang='lat' dir='ltr'><strong>est</strong></span> <span class='ocrx_word' id='word_1_233' title='bbox 656 2907 686 2939; x_wconf 80' lang='lat' dir='ltr'><strong>en</strong></span> <span class='ocrx_word' id='word_1_234' title='bbox 697 2891 730 2940; x_wconf 81' lang='lat' dir='ltr'><strong>eis</strong></span> <span class='ocrx_word' id='word_1_235' title='bbox 742 2900 765 2940; x_wconf 87' lang='lat' dir='ltr'><strong>et</strong></span> <span class='ocrx_word' id='word_1_236' title='bbox 776 2889 920 2953; x_wconf 78' lang='lat' dir='ltr'><strong>Salariuna,</strong></span> <span class='ocrx_word' id='word_1_237' title='bbox 932 2887 982 2958; x_wconf 72' lang='grc' dir='ltr'><strong>βγ.</strong></span> <span class='ocrx_word' id='word_1_238' title='bbox 1002 2933 1034 2941; x_wconf 83' lang='grc'>-</span> <span class='ocrx_word' id='word_1_239' title='bbox 1055 2890 1198 2952; x_wconf 75' lang='lat' dir='ltr'><strong>Corelltirna,</strong></span> <span class='ocrx_word' id='word_1_240' title='bbox 1215 2895 1260 2942; x_wconf 82' lang='lat' dir='ltr'><strong>ad.</strong></span> 
     </span>
     <span class='ocr_line' id='line_1_27' title="bbox 143 2950 1260 3020; baseline 0.005 -18"><span class='ocrx_word' id='word_1_241' title='bbox 143 2950 269 3016; x_wconf 74' lang='lat' dir='ltr'><strong>Corelliae,</strong></span> <span class='ocrx_word' id='word_1_242' title='bbox 286 2950 315 3006; x_wconf 84' lang='grc' dir='ltr'><strong>θ,</strong></span> <span class='ocrx_word' id='word_1_243' title='bbox 339 2996 371 3004; x_wconf 83' lang='grc'>-</span> <span class='ocrx_word' id='word_1_244' title='bbox 398 2955 468 3018; x_wconf 86' lang='lat' dir='ltr'><strong>quod,</strong></span> <span class='ocrx_word' id='word_1_245' title='bbox 485 2974 508 3007; x_wconf 91' lang='lat' dir='ltr'><strong>a.</strong></span> <span class='ocrx_word' id='word_1_246' title='bbox 534 2999 565 3007; x_wconf 89' lang='lat'><strong>..</strong></span> <span class='ocrx_word' id='word_1_247' title='bbox 591 2958 624 3019; x_wconf 87' lang='lat' dir='ltr'><strong>in,</strong></span> <span class='ocrx_word' id='word_1_248' title='bbox 640 2974 691 3009; x_wconf 90' lang='lat' dir='ltr'><strong>om.</strong></span> <span class='ocrx_word' id='word_1_249' title='bbox 709 2975 732 3008; x_wconf 85' lang='lat' dir='ltr'><strong>a.</strong></span> <span class='ocrx_word' id='word_1_250' title='bbox 755 3000 787 3008; x_wconf 85' lang='lat'><em>-</em></span> <span class='ocrx_word' id='word_1_251' title='bbox 811 2957 912 3020; x_wconf 83' lang='lat' dir='ltr'><strong>modum,</strong></span> <span class='ocrx_word' id='word_1_252' title='bbox 929 2976 952 3009; x_wconf 86' lang='lat' dir='ltr'><strong>a.</strong></span> <span class='ocrx_word' id='word_1_253' title='bbox 971 3000 1003 3009; x_wconf 91' lang='lat'><strong>..</strong></span> <span class='ocrx_word' id='word_1_254' title='bbox 1024 2957 1165 3019; x_wconf 84' lang='lat' dir='ltr'><strong>Etereiuno‚</strong></span> <span class='ocrx_word' id='word_1_255' title='bbox 1181 2960 1260 3010; x_wconf 89' lang='lat' dir='ltr'><strong>Hard.</strong></span> 
     </span>
     <span class='ocr_line' id='line_1_28' title="bbox 139 3021 1260 3088; baseline 0.004 -17"><span class='ocrx_word' id='word_1_256' title='bbox 139 3024 172 3071; x_wconf 88' lang='lat' dir='ltr'><strong>ad</strong></span> <span class='ocrx_word' id='word_1_257' title='bbox 186 3026 224 3073; x_wconf 82' lang='lat'><strong>17·</strong></span> <span class='ocrx_word' id='word_1_258' title='bbox 237 3021 251 3081; x_wconf 72' lang='grc'><strong>5</strong></span> <span class='ocrx_word' id='word_1_259' title='bbox 266 3027 321 3071; x_wconf 78' lang='lat'><strong>122.</strong></span> <span class='ocrx_word' id='word_1_260' title='bbox 339 3030 445 3083; x_wconf 84' lang='lat' dir='ltr'><strong>eterana,</strong></span> <span class='ocrx_word' id='word_1_261' title='bbox 457 3025 510 3074; x_wconf 85' lang='lat' dir='ltr'><strong>Ta.</strong></span> <span class='ocrx_word' id='word_1_262' title='bbox 528 3032 551 3072; x_wconf 89' lang='lat' dir='ltr'><strong>et</strong></span> <span class='ocrx_word' id='word_1_263' title='bbox 562 3041 644 3084; x_wconf 65' lang='lat' dir='ltr'><strong>nunc,</strong></span> <span class='ocrx_word' id='word_1_264' title='bbox 654 3027 678 3075; x_wconf 89' lang='lat' dir='ltr'><strong>d.</strong></span> <span class='ocrx_word' id='word_1_265' title='bbox 696 3025 833 3088; x_wconf 64' lang='lat' dir='ltr'><strong>Meteone,</strong></span> <span class='ocrx_word' id='word_1_266' title='bbox 845 3021 875 3087; x_wconf 80' lang='grc' dir='ltr'><strong>β.</strong></span> <span class='ocrx_word' id='word_1_267' title='bbox 894 3067 925 3075; x_wconf 77' lang='grc'><strong>-</strong></span> <span class='ocrx_word' id='word_1_268' title='bbox 944 3024 1039 3075; x_wconf 78' lang='lat' dir='ltr'><strong>corticis</strong></span> <span class='ocrx_word' id='word_1_269' title='bbox 1050 3024 1182 3074; x_wconf 75' lang='lat' dir='ltr'><strong>nucleorum</strong></span> <span class='ocrx_word' id='word_1_270' title='bbox 1194 3025 1260 3075; x_wconf 82' lang='lat' dir='ltr'><strong>intra</strong></span> 
     </span>
     <span class='ocr_line' id='line_1_29' title="bbox 139 3088 1260 3156; baseline 0.005 -21"><span class='ocrx_word' id='word_1_271' title='bbox 139 3103 229 3150; x_wconf 84' lang='lat' dir='ltr'><strong>quoque</strong></span> <span class='ocrx_word' id='word_1_272' title='bbox 235 3088 445 3152; x_wconf 82' lang='lat' dir='ltr'><strong>serruminctione,</strong></span> <span class='ocrx_word' id='word_1_273' title='bbox 457 3091 490 3141; x_wconf 78' lang='lat' dir='ltr'>K</span> <span class='ocrx_word' id='word_1_274' title='bbox 517 3091 611 3140; x_wconf 67' lang='lat' dir='ltr'><strong>carica</strong></span> <span class='ocrx_word' id='word_1_275' title='bbox 627 3092 746 3141; x_wconf 82' lang='lat' dir='ltr'><strong>interioris</strong></span> <span class='ocrx_word' id='word_1_276' title='bbox 760 3093 827 3142; x_wconf 85' lang='lat' dir='ltr'><strong>circo</strong></span> <span class='ocrx_word' id='word_1_277' title='bbox 844 3091 937 3142; x_wconf 81' lang='lat' dir='ltr'><strong>nucleos</strong></span> <span class='ocrx_word' id='word_1_278' title='bbox 951 3108 1042 3156; x_wconf 84' lang='lat' dir='ltr'><strong>quoque</strong></span> <span class='ocrx_word' id='word_1_279' title='bbox 1049 3091 1260 3155; x_wconf 77' lang='lat' dir='ltr'><strong>ser-ruminatione,</strong></span> 
     </span>
    </p>
   </div>
   <div class='ocr_carea' id='block_1_5' title="bbox 138 3155 228 3205">
    <p class='ocr_par' dir='ltr' id='par_1_7' title="bbox 138 3155 228 3205">
     <span class='ocr_line' id='line_1_30' title="bbox 138 3155 228 3205; baseline -0.011 0"><span class='ocrx_word' id='word_1_280' title='bbox 138 3155 228 3205; x_wconf 85' lang='lat' dir='ltr'><strong>Dalec.</strong></span> 
     </span>
    </p>
   </div>
   <div class='ocr_carea' id='block_1_6' title="bbox 139 3237 1260 3373">
    <p class='ocr_par' dir='ltr' id='par_1_8' title="bbox 139 3237 1260 3373">
     <span class='ocr_line' id='line_1_31' title="bbox 172 3237 1260 3310; baseline 0.004 -22"><span class='ocrx_word' id='word_1_281' title='bbox 172 3237 187 3298; x_wconf 64' lang='grc' dir='ltr'><strong><em>ξ</em></strong></span> <span class='ocrx_word' id='word_1_282' title='bbox 200 3243 240 3288; x_wconf 78' lang='grc'><strong>95.</strong></span> <span class='ocrx_word' id='word_1_283' title='bbox 258 3239 302 3300; x_wconf 67' lang='lat' dir='ltr'><strong>tis,</strong></span> <span class='ocrx_word' id='word_1_284' title='bbox 314 3256 338 3290; x_wconf 83' lang='lat' dir='ltr'><strong>a.</strong></span> <span class='ocrx_word' id='word_1_285' title='bbox 360 3239 398 3302; x_wconf 71' lang='lat' dir='ltr'><strong>iic,</strong></span> <span class='ocrx_word' id='word_1_286' title='bbox 411 3238 483 3308; x_wconf 70' lang='lat' dir='ltr'><strong>dssy.</strong></span> <span class='ocrx_word' id='word_1_287' title='bbox 502 3284 533 3292; x_wconf 76' lang='grc'><strong>-</strong></span> <span class='ocrx_word' id='word_1_288' title='bbox 552 3243 602 3308; x_wconf 75' lang='grc' dir='ltr'><strong>ἰρεο</strong></span> <span class='ocrx_word' id='word_1_289' title='bbox 613 3242 734 3292; x_wconf 83' lang='lat' dir='ltr'><strong>manditur</strong></span> <span class='ocrx_word' id='word_1_290' title='bbox 745 3253 832 3306; x_wconf 61' lang='lat' dir='ltr'><strong>cortem</strong></span> <span class='ocrx_word' id='word_1_291' title='bbox 844 3248 889 3296; x_wconf 90' lang='lat' dir='ltr'><strong>ad.</strong></span> <span class='ocrx_word' id='word_1_292' title='bbox 911 3253 991 3295; x_wconf 75' lang='lat' dir='ltr'><strong>cortex</strong></span> <span class='ocrx_word' id='word_1_293' title='bbox 1007 3246 1057 3310; x_wconf 82' lang='lat' dir='ltr'><strong>ipse</strong></span> <span class='ocrx_word' id='word_1_294' title='bbox 1069 3243 1197 3305; x_wconf 88' lang='lat' dir='ltr'><strong>manditur,</strong></span> <span class='ocrx_word' id='word_1_295' title='bbox 1208 3238 1260 3307; x_wconf 76' lang='grc' dir='ltr'><strong>βγ.</strong></span> 
     </span>
     <span class='ocr_line' id='line_1_32' title="bbox 139 3300 823 3373; baseline 0.015 -20"><span class='ocrx_word' id='word_1_296' title='bbox 139 3345 170 3355; x_wconf 83' lang='grc'><strong>,.</strong></span> <span class='ocrx_word' id='word_1_297' title='bbox 189 3306 271 3367; x_wconf 66' lang='lat' dir='ltr'><strong>omnia</strong></span> <span class='ocrx_word' id='word_1_298' title='bbox 288 3300 375 3358; x_wconf 69' lang='lat' dir='ltr'><strong>Oadr.</strong></span> <span class='ocrx_word' id='word_1_299' title='bbox 393 3307 500 3372; x_wconf 65' lang='lat' dir='ltr'><strong>dominu,</strong></span> <span class='ocrx_word' id='word_1_300' title='bbox 512 3307 541 3373; x_wconf 78' lang='grc' dir='ltr'><strong>β.</strong></span> <span class='ocrx_word' id='word_1_301' title='bbox 560 3351 592 3360; x_wconf 92' lang='grc'><strong>...</strong></span> <span class='ocrx_word' id='word_1_302' title='bbox 611 3309 717 3360; x_wconf 67' lang='lat' dir='ltr'><strong>dicentur</strong></span> <span class='ocrx_word' id='word_1_303' title='bbox 729 3318 768 3372; x_wconf 81' lang='lat'><strong>16,</strong></span> <span class='ocrx_word' id='word_1_304' title='bbox 784 3317 823 3363; x_wconf 80' lang='lat'><strong>15.</strong></span> 
     </span>
    </p>
   </div>
   <div class='ocr_carea' id='block_1_7' title="bbox 137 3386 1261 3598">
    <p class='ocr_par' dir='ltr' id='par_1_9' title="bbox 137 3386 1261 3598">
     <span class='ocr_line' id='line_1_33' title="bbox 137 3386 1261 3508; baseline 0.002 -66"><span class='ocrx_word' id='word_1_305' title='bbox 137 3393 238 3508; x_wconf 67' lang='lat' dir='ltr'><strong>D5196.</strong></span> <span class='ocrx_word' id='word_1_306' title='bbox 256 3409 337 3456; x_wconf 84' lang='lat' dir='ltr'><strong>eaque,</strong></span> <span class='ocrx_word' id='word_1_307' title='bbox 353 3386 469 3445; x_wconf 62' lang='lat' dir='ltr'><strong>&amp;Tadu</strong></span> <span class='ocrx_word' id='word_1_308' title='bbox 492 3410 529 3457; x_wconf 87' lang='lat' dir='ltr'><strong>ea,</strong></span> <span class='ocrx_word' id='word_1_309' title='bbox 540 3390 570 3454; x_wconf 78' lang='grc' dir='ltr'><strong>β.</strong></span> <span class='ocrx_word' id='word_1_310' title='bbox 588 3435 619 3444; x_wconf 89' lang='grc'><strong>..</strong></span> <span class='ocrx_word' id='word_1_311' title='bbox 639 3402 662 3443; x_wconf 83' lang='lat' dir='ltr'><strong>et</strong></span> <span class='ocrx_word' id='word_1_312' title='bbox 673 3393 732 3457; x_wconf 81' lang='lat' dir='ltr'><strong>alic,</strong></span> <span class='ocrx_word' id='word_1_313' title='bbox 744 3412 766 3445; x_wconf 87' lang='lat' dir='ltr'><strong>a.</strong></span> <span class='ocrx_word' id='word_1_314' title='bbox 785 3394 844 3460; x_wconf 82' lang='lat' dir='ltr'><strong>olio,</strong></span> <span class='ocrx_word' id='word_1_315' title='bbox 857 3400 881 3449; x_wconf 89' lang='lat' dir='ltr'><strong>d.</strong></span> <span class='ocrx_word' id='word_1_316' title='bbox 901 3439 932 3448; x_wconf 85' lang='grc'><strong>..</strong></span> <span class='ocrx_word' id='word_1_317' title='bbox 951 3397 1071 3446; x_wconf 68' lang='lat' dir='ltr'><strong>annuum</strong></span> <span class='ocrx_word' id='word_1_318' title='bbox 1082 3395 1132 3446; x_wconf 85' lang='lat' dir='ltr'><strong>cuti</strong></span> <span class='ocrx_word' id='word_1_319' title='bbox 1140 3411 1261 3461; x_wconf 80' lang='lat' dir='ltr'><strong>succoque,</strong></span> 
     </span>
     <span class='ocr_line' id='line_1_34' title="bbox 164 3474 1260 3598; baseline 0.005 -24"><span class='ocrx_word' id='word_1_320' title='bbox 164 3474 239 3584; x_wconf 52' lang='lat' dir='ltr'><strong>bellet.</strong></span> <span class='ocrx_word' id='word_1_321' title='bbox 262 3535 353 3586; x_wconf 76' lang='lat' dir='ltr'><strong>mature</strong></span> <span class='ocrx_word' id='word_1_322' title='bbox 370 3527 435 3577; x_wconf 90' lang='lat' dir='ltr'><strong>luunt</strong></span> <span class='ocrx_word' id='word_1_323' title='bbox 450 3531 540 3591; x_wconf 68' lang='lat' dir='ltr'><strong>erube,</strong></span> <span class='ocrx_word' id='word_1_324' title='bbox 554 3543 576 3578; x_wconf 78' lang='lat' dir='ltr'><strong>a.</strong></span> <span class='ocrx_word' id='word_1_325' title='bbox 595 3571 626 3579; x_wconf 92' lang='lat'><strong>..</strong></span> <span class='ocrx_word' id='word_1_326' title='bbox 645 3529 724 3593; x_wconf 79' lang='lat' dir='ltr'><strong>inaitu,</strong></span> <span class='ocrx_word' id='word_1_327' title='bbox 736 3531 826 3582; x_wconf 88' lang='lat' dir='ltr'><strong>Dalec.</strong></span> <span class='ocrx_word' id='word_1_328' title='bbox 845 3573 876 3580; x_wconf 87' lang='grc'>-</span> <span class='ocrx_word' id='word_1_329' title='bbox 892 3532 966 3594; x_wconf 83' lang='lat' dir='ltr'><strong>pomi,</strong></span> <span class='ocrx_word' id='word_1_330' title='bbox 977 3534 1081 3584; x_wconf 88' lang='lat' dir='ltr'><strong>Barbar.</strong></span> <span class='ocrx_word' id='word_1_331' title='bbox 1100 3531 1202 3598; x_wconf 79' lang='lat' dir='ltr'><strong>pompei,</strong></span> <span class='ocrx_word' id='word_1_332' title='bbox 1215 3534 1260 3581; x_wconf 86' lang='lat' dir='ltr'><strong>ad.</strong></span> 
     </span>
    </p>
   </div>
   <div class='ocr_carea' id='block_1_8' title="bbox 137 3592 1260 3722">
    <p class='ocr_par' dir='ltr' id='par_1_10' title="bbox 137 3592 1260 3722">
     <span class='ocr_line' id='line_1_35' title="bbox 137 3592 1260 3708; baseline 0.004 -66"><span class='ocrx_word' id='word_1_333' title='bbox 137 3632 170 3708; x_wconf 58' lang='lat' dir='ltr'>fi</span> <span class='ocrx_word' id='word_1_334' title='bbox 192 3592 317 3708; x_wconf 51' lang='lat' dir='ltr'><strong>Ostienqm,</strong></span> <span class='ocrx_word' id='word_1_335' title='bbox 333 3595 367 3644; x_wconf 90' lang='lat' dir='ltr'><strong>D.</strong></span> <span class='ocrx_word' id='word_1_336' title='bbox 393 3595 501 3658; x_wconf 74' lang='lat' dir='ltr'><strong>Ostiensi,</strong></span> <span class='ocrx_word' id='word_1_337' title='bbox 517 3613 533 3647; x_wconf 85' lang='lat' dir='ltr'><strong>a</strong></span> <span class='ocrx_word' id='word_1_338' title='bbox 550 3594 651 3659; x_wconf 88' lang='lat' dir='ltr'><strong>(Ambr.</strong></span> <span class='ocrx_word' id='word_1_339' title='bbox 664 3595 713 3659; x_wconf 81' lang='lat' dir='ltr'><strong>IL)</strong></span> <span class='ocrx_word' id='word_1_340' title='bbox 739 3597 860 3658; x_wconf 53' lang='lat' dir='ltr'><strong>Ostiense,</strong></span> <span class='ocrx_word' id='word_1_341' title='bbox 877 3600 894 3647; x_wconf 93' lang='lat' dir='ltr'><strong>d</strong></span> <span class='ocrx_word' id='word_1_342' title='bbox 910 3597 1010 3660; x_wconf 84' lang='lat' dir='ltr'><strong>(Ambr.</strong></span> <span class='ocrx_word' id='word_1_343' title='bbox 1023 3600 1058 3665; x_wconf 94' lang='lat'><strong>1.)</strong></span> <span class='ocrx_word' id='word_1_344' title='bbox 1077 3642 1109 3650; x_wconf 76' lang='grc'><strong>-</strong></span> <span class='ocrx_word' id='word_1_345' title='bbox 1127 3599 1260 3657; x_wconf 83' lang='lat' dir='ltr'><strong>Romanae,</strong></span> 
     </span>
     <span class='ocr_line' id='line_1_36' title="bbox 165 3676 344 3722; baseline 0.022 -15"><span class='ocrx_word' id='word_1_346' title='bbox 165 3676 344 3722; x_wconf 66' lang='lat' dir='ltr'><strong>.-maa</strong></span> 
     </span>
    </p>
   </div>
   <div class='ocr_carea' id='block_1_9' title="bbox 129 3745 1260 4304">
    <p class='ocr_par' dir='ltr' id='par_1_11' title="bbox 129 3745 1260 4017">
     <span class='ocr_line' id='line_1_37' title="bbox 171 3745 1259 3815; baseline 0.006 -24"><span class='ocrx_word' id='word_1_347' title='bbox 171 3745 186 3807; x_wconf 65' lang='grc' dir='ltr'><strong>ξ</strong></span> <span class='ocrx_word' id='word_1_348' title='bbox 199 3749 239 3794; x_wconf 84' lang='grc'><strong>98.</strong></span> <span class='ocrx_word' id='word_1_349' title='bbox 257 3751 287 3805; x_wconf 86' lang='lat' dir='ltr'><strong>et,</strong></span> <span class='ocrx_word' id='word_1_350' title='bbox 297 3747 342 3794; x_wconf 84' lang='lat' dir='ltr'><strong>ad.</strong></span> <span class='ocrx_word' id='word_1_351' title='bbox 355 3746 481 3808; x_wconf 80' lang='lat' dir='ltr'><strong>..frutici</strong></span> <span class='ocrx_word' id='word_1_352' title='bbox 489 3756 618 3811; x_wconf 77' lang='lat' dir='ltr'><strong>terraeque,</strong></span> <span class='ocrx_word' id='word_1_353' title='bbox 627 3750 673 3800; x_wconf 87' lang='lat' dir='ltr'><strong>Td</strong></span> <span class='ocrx_word' id='word_1_354' title='bbox 683 3746 786 3812; x_wconf 88' lang='lat' dir='ltr'><strong>(Ambr.</strong></span> <span class='ocrx_word' id='word_1_355' title='bbox 796 3748 845 3812; x_wconf 87' lang='grc' dir='ltr'><strong>ΙΙ.)</strong></span> <span class='ocrx_word' id='word_1_356' title='bbox 855 3749 949 3812; x_wconf 86' lang='lat' dir='ltr'><strong>frutice</strong></span> <span class='ocrx_word' id='word_1_357' title='bbox 959 3757 1086 3815; x_wconf 84' lang='lat' dir='ltr'><strong>terraeque,</strong></span> <span class='ocrx_word' id='word_1_358' title='bbox 1096 3769 1112 3801; x_wconf 83' lang='lat' dir='ltr'><strong>a</strong></span> <span class='ocrx_word' id='word_1_359' title='bbox 1121 3749 1223 3812; x_wconf 81' lang='lat' dir='ltr'><strong>(Ambr.</strong></span> <span class='ocrx_word' id='word_1_360' title='bbox 1229 3751 1259 3809; x_wconf 88' lang='lat'><strong>1.‚</strong></span> 
     </span>
     <span class='ocr_line' id='line_1_38' title="bbox 138 3812 1260 3881; baseline 0.006 -22"><span class='ocrx_word' id='word_1_361' title='bbox 138 3812 227 3874; x_wconf 86' lang='lat' dir='ltr'><strong>optimi</strong></span> <span class='ocrx_word' id='word_1_362' title='bbox 243 3813 301 3862; x_wconf 89' lang='lat' dir='ltr'><strong>libri</strong></span> <span class='ocrx_word' id='word_1_363' title='bbox 318 3828 359 3876; x_wconf 78' lang='lat' dir='ltr'><strong>ap.</strong></span> <span class='ocrx_word' id='word_1_364' title='bbox 376 3813 483 3866; x_wconf 69' lang='lat' dir='ltr'><strong>Saltum</strong></span> <span class='ocrx_word' id='word_1_365' title='bbox 502 3831 584 3866; x_wconf 81' lang='lat' dir='ltr'><strong>exerc.</strong></span> <span class='ocrx_word' id='word_1_366' title='bbox 596 3832 622 3880; x_wconf 86' lang='lat' dir='ltr'><strong>p.</strong></span> <span class='ocrx_word' id='word_1_367' title='bbox 634 3822 692 3867; x_wconf 78' lang='lat'><strong>³62.</strong></span> <span class='ocrx_word' id='word_1_368' title='bbox 704 3819 730 3867; x_wconf 91' lang='lat' dir='ltr'><strong>b.</strong></span> <span class='ocrx_word' id='word_1_369' title='bbox 741 3816 786 3880; x_wconf 88' lang='lat' dir='ltr'><strong>B.)</strong></span> <span class='ocrx_word' id='word_1_370' title='bbox 804 3816 904 3878; x_wconf 83' lang='lat' dir='ltr'><strong>fructui</strong></span> <span class='ocrx_word' id='word_1_371' title='bbox 915 3825 1000 3878; x_wconf 75' lang='lat' dir='ltr'><strong>imae,</strong></span> <span class='ocrx_word' id='word_1_372' title='bbox 1011 3819 1116 3869; x_wconf 84' lang='lat' dir='ltr'><strong>Barbar.</strong></span> <span class='ocrx_word' id='word_1_373' title='bbox 1128 3815 1157 3881; x_wconf 80' lang='grc' dir='ltr'><strong>β.</strong></span> <span class='ocrx_word' id='word_1_374' title='bbox 1184 3816 1260 3867; x_wconf 77' lang='lat' dir='ltr'><strong>simile</strong></span> 
     </span>
     <span class='ocr_line' id='line_1_39' title="bbox 129 3878 1256 3950; baseline 0.01 -24"><span class='ocrx_word' id='word_1_375' title='bbox 129 3879 226 3939; x_wconf 64' lang='lat' dir='ltr'><strong>,sermm</strong></span> <span class='ocrx_word' id='word_1_376' title='bbox 242 3878 311 3928; x_wconf 84' lang='lat' dir='ltr'><strong>aceri</strong></span> <span class='ocrx_word' id='word_1_377' title='bbox 323 3880 408 3945; x_wconf 59' lang='lat' dir='ltr'><strong>qrbait,</strong></span> <span class='ocrx_word' id='word_1_378' title='bbox 419 3883 486 3933; x_wconf 80' lang='lat' dir='ltr'><strong>Pr&#39;nt</strong></span> <span class='ocrx_word' id='word_1_379' title='bbox 505 3924 537 3934; x_wconf 83' lang='grc'>-</span> <span class='ocrx_word' id='word_1_380' title='bbox 547 3884 647 3945; x_wconf 76' lang='lat' dir='ltr'><strong>fructus</strong></span> <span class='ocrx_word' id='word_1_381' title='bbox 658 3899 721 3948; x_wconf 86' lang='lat' dir='ltr'><strong>sqq,</strong></span> <span class='ocrx_word' id='word_1_382' title='bbox 735 3901 757 3935; x_wconf 82' lang='lat' dir='ltr'><strong>v.</strong></span> <span class='ocrx_word' id='word_1_383' title='bbox 771 3885 902 3950; x_wconf 82' lang='lat' dir='ltr'><strong>Theophr.</strong></span> <span class='ocrx_word' id='word_1_384' title='bbox 915 3885 974 3935; x_wconf 83' lang='lat' dir='ltr'><strong>hist.</strong></span> <span class='ocrx_word' id='word_1_385' title='bbox 987 3886 1066 3949; x_wconf 84' lang='lat' dir='ltr'><strong>plant.</strong></span> <span class='ocrx_word' id='word_1_386' title='bbox 1077 3885 1125 3936; x_wconf 90' lang='lat'><em>111.</em></span> <span class='ocrx_word' id='word_1_387' title='bbox 1139 3892 1178 3947; x_wconf 84' lang='grc'><strong>16,</strong></span> <span class='ocrx_word' id='word_1_388' title='bbox 1192 3891 1215 3936; x_wconf 74' lang='grc'><strong>4.</strong></span> <span class='ocrx_word' id='word_1_389' title='bbox 1225 3928 1256 3937; x_wconf 69' lang='lat'><em>„</em></span> 
     </span>
     <span class='ocr_line' id='line_1_40' title="bbox 136 3941 681 4017; baseline 0.007 -22"><span class='ocrx_word' id='word_1_390' title='bbox 136 3947 249 4009; x_wconf 82' lang='lat' dir='ltr'><strong>coquitur,</strong></span> <span class='ocrx_word' id='word_1_391' title='bbox 265 3941 336 4000; x_wconf 67' lang='lat' dir='ltr'><strong>oud.</strong></span> <span class='ocrx_word' id='word_1_392' title='bbox 354 3943 479 4014; x_wconf 63' lang='lat' dir='ltr'><strong>coliffltru,</strong></span> <span class='ocrx_word' id='word_1_393' title='bbox 490 3953 524 4002; x_wconf 91' lang='grc' dir='ltr'><strong>Κ.</strong></span> <span class='ocrx_word' id='word_1_394' title='bbox 542 3953 641 4017; x_wconf 65' lang='lat' dir='ltr'><strong>cogitur,</strong></span> <span class='ocrx_word' id='word_1_395' title='bbox 652 3947 681 4013; x_wconf 81' lang='grc' dir='ltr'><strong>β.</strong></span> 
     </span>
    </p>

    <p class='ocr_par' dir='ltr' id='par_1_12' title="bbox 136 4032 1257 4237">
     <span class='ocr_line' id='line_1_41' title="bbox 170 4032 1257 4102; baseline 0.011 -24"><span class='ocrx_word' id='word_1_396' title='bbox 170 4032 238 4091; x_wconf 71' lang='grc' dir='ltr'><strong>ς99.</strong></span> <span class='ocrx_word' id='word_1_397' title='bbox 255 4040 279 4080; x_wconf 88' lang='lat' dir='ltr'><strong>et</strong></span> <span class='ocrx_word' id='word_1_398' title='bbox 289 4032 334 4092; x_wconf 86' lang='lat' dir='ltr'><strong>eui,</strong></span> <span class='ocrx_word' id='word_1_399' title='bbox 347 4037 370 4084; x_wconf 92' lang='lat' dir='ltr'><strong>d.</strong></span> <span class='ocrx_word' id='word_1_400' title='bbox 389 4075 420 4084; x_wconf 90' lang='lat'><strong>..</strong></span> <span class='ocrx_word' id='word_1_401' title='bbox 443 4034 482 4096; x_wconf 74' lang='lat' dir='ltr'><strong>cit,</strong></span> <span class='ocrx_word' id='word_1_402' title='bbox 494 4037 527 4086; x_wconf 92' lang='lat' dir='ltr'><strong>D.</strong></span> <span class='ocrx_word' id='word_1_403' title='bbox 544 4036 587 4098; x_wconf 83' lang='lat' dir='ltr'><strong>fit,</strong></span> <span class='ocrx_word' id='word_1_404' title='bbox 604 4039 641 4087; x_wconf 88' lang='lat' dir='ltr'><strong>ad</strong></span> <span class='ocrx_word' id='word_1_405' title='bbox 658 4033 760 4098; x_wconf 75' lang='lat' dir='ltr'><strong>(Ambr.</strong></span> <span class='ocrx_word' id='word_1_406' title='bbox 773 4037 794 4086; x_wconf 86' lang='grc' dir='ltr'><strong>Ι.</strong></span> <span class='ocrx_word' id='word_1_407' title='bbox 808 4035 856 4099; x_wconf 91' lang='grc' dir='ltr'><strong>Π.)</strong></span> <span class='ocrx_word' id='word_1_408' title='bbox 867 4050 892 4102; x_wconf 76' lang='grc' dir='ltr'><strong>γ.</strong></span> <span class='ocrx_word' id='word_1_409' title='bbox 914 4078 944 4085; x_wconf 79' lang='lat'><strong>-</strong></span> <span class='ocrx_word' id='word_1_410' title='bbox 963 4034 1086 4097; x_wconf 83' lang='lat' dir='ltr'><strong>edendum,</strong></span> <span class='ocrx_word' id='word_1_411' title='bbox 1098 4040 1120 4087; x_wconf 92' lang='lat' dir='ltr'><strong>d.</strong></span> <span class='ocrx_word' id='word_1_412' title='bbox 1144 4039 1202 4089; x_wconf 89' lang='lat' dir='ltr'><strong>Huc</strong></span> <span class='ocrx_word' id='word_1_413' title='bbox 1218 4055 1257 4089; x_wconf 86' lang='lat' dir='ltr'><strong>rc-</strong></span> 
     </span>
     <span class='ocr_line' id='line_1_42' title="bbox 136 4096 1257 4167; baseline 0.011 -23"><span class='ocrx_word' id='word_1_414' title='bbox 136 4096 209 4158; x_wconf 83' lang='lat' dir='ltr'><strong>apicit</strong></span> <span class='ocrx_word' id='word_1_415' title='bbox 221 4097 290 4148; x_wconf 87' lang='lat' dir='ltr'><strong>Serv.</strong></span> <span class='ocrx_word' id='word_1_416' title='bbox 303 4103 336 4150; x_wconf 88' lang='lat' dir='ltr'><strong>ad</strong></span> <span class='ocrx_word' id='word_1_417' title='bbox 346 4102 443 4165; x_wconf 81' lang='lat' dir='ltr'><strong>Vergil.</strong></span> <span class='ocrx_word' id='word_1_418' title='bbox 456 4118 542 4167; x_wconf 84' lang='lat' dir='ltr'><strong>georg.</strong></span> <span class='ocrx_word' id='word_1_419' title='bbox 558 4111 580 4164; x_wconf 87' lang='lat'><strong>1,</strong></span> <span class='ocrx_word' id='word_1_420' title='bbox 595 4110 651 4154; x_wconf 82' lang='grc'><strong>148.</strong></span> <span class='ocrx_word' id='word_1_421' title='bbox 666 4145 697 4153; x_wconf 91' lang='grc'><strong>..</strong></span> <span class='ocrx_word' id='word_1_422' title='bbox 715 4103 760 4165; x_wconf 77' lang='lat' dir='ltr'><strong>iic,</strong></span> <span class='ocrx_word' id='word_1_423' title='bbox 773 4122 796 4154; x_wconf 85' lang='lat' dir='ltr'><strong>a.</strong></span> <span class='ocrx_word' id='word_1_424' title='bbox 816 4146 847 4154; x_wconf 90' lang='lat'><strong>..</strong></span> <span class='ocrx_word' id='word_1_425' title='bbox 865 4120 991 4165; x_wconf 82' lang='lat' dir='ltr'><strong>comarum,</strong></span> <span class='ocrx_word' id='word_1_426' title='bbox 1003 4099 1032 4163; x_wconf 75' lang='grc' dir='ltr'><strong>β.</strong></span> <span class='ocrx_word' id='word_1_427' title='bbox 1047 4145 1078 4153; x_wconf 81' lang='grc'><strong>-</strong></span> <span class='ocrx_word' id='word_1_428' title='bbox 1098 4105 1257 4163; x_wconf 76' lang='lat' dir='ltr'><strong>mumecbilon,</strong></span> 
     </span>
     <span class='ocr_line' id='line_1_43' title="bbox 138 4164 1081 4237; baseline 0.011 -27"><span class='ocrx_word' id='word_1_429' title='bbox 138 4164 162 4209; x_wconf 92' lang='lat' dir='ltr'><strong>d.</strong></span> <span class='ocrx_word' id='word_1_430' title='bbox 181 4203 211 4213; x_wconf 81' lang='grc'><strong>..</strong></span> <span class='ocrx_word' id='word_1_431' title='bbox 228 4180 325 4228; x_wconf 71' lang='lat' dir='ltr'><strong>yeneno.</strong></span> <span class='ocrx_word' id='word_1_432' title='bbox 342 4164 379 4215; x_wconf 83' lang='lat' dir='ltr'><strong>Et</strong></span> <span class='ocrx_word' id='word_1_433' title='bbox 389 4168 457 4232; x_wconf 78' lang='lat' dir='ltr'><strong>apud</strong></span> <span class='ocrx_word' id='word_1_434' title='bbox 466 4170 574 4232; x_wconf 72' lang='lat' dir='ltr'><strong>noiolio,</strong></span> <span class='ocrx_word' id='word_1_435' title='bbox 587 4173 677 4222; x_wconf 86' lang='lat' dir='ltr'><strong>Tudr.</strong></span> <span class='ocrx_word' id='word_1_436' title='bbox 694 4188 783 4236; x_wconf 76' lang='lat' dir='ltr'><strong>yenerc</strong></span> <span class='ocrx_word' id='word_1_437' title='bbox 795 4180 817 4221; x_wconf 88' lang='lat' dir='ltr'><strong>et</strong></span> <span class='ocrx_word' id='word_1_438' title='bbox 828 4170 896 4237; x_wconf 82' lang='lat' dir='ltr'><strong>apud</strong></span> <span class='ocrx_word' id='word_1_439' title='bbox 906 4188 955 4220; x_wconf 80' lang='lat' dir='ltr'><strong>noa.</strong></span> <span class='ocrx_word' id='word_1_440' title='bbox 974 4170 1038 4235; x_wconf 75' lang='lat' dir='ltr'><strong>Atto,</strong></span> <span class='ocrx_word' id='word_1_441' title='bbox 1052 4167 1081 4233; x_wconf 78' lang='grc' dir='ltr'><strong>β.</strong></span> 
     </span>
    </p>

    <p class='ocr_par' dir='ltr' id='par_1_13' title="bbox 170 4232 1000 4304">
     <span class='ocr_line' id='line_1_44' title="bbox 170 4232 1000 4304; baseline 0.012 -23"><span class='ocrx_word' id='word_1_442' title='bbox 170 4232 255 4293; x_wconf 76' lang='lat' dir='ltr'><strong>§lou</strong></span> <span class='ocrx_word' id='word_1_443' title='bbox 280 4232 417 4298; x_wconf 79' lang='lat' dir='ltr'><strong>temeritute,</strong></span> <span class='ocrx_word' id='word_1_444' title='bbox 435 4254 458 4289; x_wconf 81' lang='lat' dir='ltr'><strong>a.</strong></span> <span class='ocrx_word' id='word_1_445' title='bbox 478 4280 508 4290; x_wconf 85' lang='lat'><em>-</em></span> <span class='ocrx_word' id='word_1_446' title='bbox 528 4248 550 4289; x_wconf 84' lang='lat' dir='ltr'><strong>et</strong></span> <span class='ocrx_word' id='word_1_447' title='bbox 566 4237 629 4303; x_wconf 70' lang='lat' dir='ltr'><strong>otiu,</strong></span> <span class='ocrx_word' id='word_1_448' title='bbox 642 4256 666 4292; x_wconf 84' lang='lat' dir='ltr'><strong>a.</strong></span> <span class='ocrx_word' id='word_1_449' title='bbox 688 4238 751 4304; x_wconf 75' lang='lat' dir='ltr'><strong>atta,</strong></span> <span class='ocrx_word' id='word_1_450' title='bbox 763 4242 816 4292; x_wconf 83' lang='lat' dir='ltr'><strong>Td.</strong></span> <span class='ocrx_word' id='word_1_451' title='bbox 837 4281 867 4291; x_wconf 85' lang='lat'><strong>..</strong></span> <span class='ocrx_word' id='word_1_452' title='bbox 887 4239 960 4303; x_wconf 86' lang='lat' dir='ltr'><strong>multi,</strong></span> <span class='ocrx_word' id='word_1_453' title='bbox 978 4256 1000 4291; x_wconf 76' lang='lat' dir='ltr'><strong>a</strong></span> 
     </span>
    </p>
   </div>
   <div class='ocr_carea' id='block_1_10' title="bbox 0 0 1452 4800">
    <p class='ocr_par' dir='ltr' id='par_1_14' title="bbox 0 0 1452 4800">
     <span class='ocr_line' id='line_1_45' title="bbox 0 0 1452 4800; baseline 0 1"><span class='ocrx_word' id='word_1_454' title='bbox 0 0 1452 4800; x_wconf 95' lang='lat' dir='ltr'><strong> </strong></span> 
     </span>
    </p>
   </div>
  </div>
 </body>
</html>
