2896 4800
204 267 268 333 300
553 279 758 330 naruums
777 281 973 331 manorum

204 435 362 502 munitum
391 443 552 499 costarum
579 442 613 498 et
638 433 777 518 pectoris
798 456 901 512 muro,
928 443 966 497 nt
991 432 1098 518 pariat
1118 435 1328 519 praecipuam

203 537 290 604 vitae
317 557 447 602 causam
472 544 505 599 et
531 533 698 622 originem.
734 533 845 599 Prima
870 534 1033 600 domicilia
1058 535 1143 601 intra
1164 557 1198 600 se
1221 537 1329 602 animo
1344 556 1390 601 ras

204 647 238 704 et
257 636 409 722 sanguini
429 635 564 722 praebet
584 635 713 701 sinuoso
743 658 843 721 specu
869 647 902 703 et
927 636 962 701 in
988 637 1114 722 magnis
1136 637 1329 704 animalibus

203 737 332 824 triplici,
352 738 388 802 in
408 737 496 803 nullo
517 759 584 803 non
602 736 748 824 gemin03
771 737 817 803 ibi
831 759 922 802 mens
935 737 1069 803 habitat.
1096 736 1149 801 Ex
1163 737 1225 802 hoc
1238 739 1328 804 fonte

202 838 286 904 duae
307 839 447 924 grandes
469 861 571 905 venae
591 838 627 902 in
647 838 756 923 priora
777 849 809 904 et
831 849 925 924 terga
946 839 1129 904 discurrunt
1151 860 1327 925 sparsaque

202 961 363 1005 ramorum
384 939 466 1006 serie
488 962 548 1025 per
574 939 654 1005 alias
679 939 819 1005 minores
845 939 994 1006 omnibus
1021 939 1172 1006 membris
1199 938 1328 1005 vitalem

203 1041 394 1129 sanguinem
414 1041 532 1128 rigant.
557 1038 670 1106 Solum
690 1039 752 1106 hoc
773 1041 935 1106 viscerum
955 1041 1042 1107 vitiis
1063 1063 1128 1106 non
1147 1049 1328 1106 maceratur

201 1164 262 1208 nec
290 1142 448 1230 supplicia
473 1142 557 1208 vitae
586 1141 683 1207 trahit
714 1143 902 1227 laesumque
929 1151 1064 1208 mortem
1094 1142 1179 1208 illico
1210 1142 1326 1208 adfert.

203 1240 328 1310 Ceteris
348 1243 514 1331 conruptis
535 1242 676 1310 vitalitas
696 1243 731 1308 in
752 1245 848 1310 oorde
869 1244 973 1310 durat.

246 1346 297 1410 70.
332 1343 436 1410 Bruta
468 1345 702 1411 existumantur
730 1344 914 1411 animalium
938 1345 1056 1431 quibus
1084 1345 1201 1410 durum
1231 1346 1326 1432 riget,
1342 1363 1391 1408 raa

203 1445 340 1511 audacia
360 1447 477 1530 quibus
498 1467 633 1532 parvom
653 1455 715 1524 est,
736 1446 857 1531 pavida
876 1446 994 1531 quibus
1015 1445 1234 1533 praegrande3
1257 1469 1326 1512 ma·

203 1568 338 1612 xumum
363 1556 471 1612 autem
498 1557 549 1612 est
574 1546 721 1631 portione
752 1548 915 1626 muribus,
942 1547 1061 1633 lepori,
1089 1548 1190 1626 asino,
1219 1570 1326 1626 cervo,

204 1646 391 1733 pantherae,
413 1647 568 1725 mustelis,
596 1647 732 1732 hyaenis
755 1658 788 1714 et
808 1648 957 1714 omnibus
979 1649 1101 1715 timidis
1122 1659 1177 1714 aut
1196 1660 1328 1736 propter

204 1757 326 1814 metum
347 1748 509 1815 maleficis.
541 1748 581 1813 In
601 1747 823 1838 Paphlagonia
844 1750 922 1816 bina
942 1750 1126 1837 perdicibus
1147 1749 1253 1816 corda.
1285 1749 1328 1815 In

204 1872 359 1936 equorum
380 1851 476 1917 corde
497 1861 531 1917 et
551 1850 649 1918 boum
669 1873 745 1916 ossa
765 1852 970 1937 reperiuntur
990 1851 1161 1918 interdum.
1197 1850 1328 1936 Augeri
1344 1868 1392 1913 rsa

202 1950 238 2016 id
259 1974 318 2038 per
339 1952 485 2041 singulos
506 1975 607 2019 annos
627 1952 662 2018 in
682 1953 813 2019 homine
836 1965 869 2020 et
883 1953 975 2020 binas
991 1953 1161 2020 drachmas
1174 1951 1328 2039 ponderis

204 2051 246 2117 ad
274 2054 576 2141 quinquagesimum
602 2054 766 2133 accedere,
795 2054 836 2120 ab
864 2077 903 2120 eo
931 2053 1056 2120 detrahi
1080 2054 1268 2121 tantundem
1295 2065 1329 2120 et

203 2152 278 2220 ideo
305 2178 369 2221 non
397 2154 507 2221 vivere
533 2153 695 2220 hominem
716 2155 801 2220 ultra
822 2154 1031 2221 centesimum
1052 2178 1172 2221 annum
1197 2154 1329 2221 defectu

204 2255 310 2321 cordis
327 2255 486 2344 Aegyptii
508 2256 714 2335 existumant,
735 2256 854 2342 quibus
875 2279 944 2321 mos
968 2266 1018 2322 est
1038 2257 1197 2324 cadavera
1218 2256 1328 2322 adser-

203 2379 281 2424 vare
301 2358 471 2425 medicata.
493 2357 592 2424 Hirto
615 2358 710 2425 corde
731 2358 823 2446 gigni
837 2358 995 2442 quosdam
1008 2357 1153 2425 homines
1167 2358 1327 2445 proditur,

203 2481 309 2542 neque
330 2460 409 2524 alios
431 2459 579 2525 fortiores
601 2481 673 2525 esse
694 2459 863 2538 industria,
886 2459 971 2525 sicut
985 2459 1222 2526 Aristomenem
1236 2458 1327 2526 Mes-

205 2559 330 2624 senium
357 2560 494 2643 quioco
522 2560 639 2626 occidit
658 2559 944 2627 Lacedaemonios.
979 2560 1057 2647 Ipse
1084 2562 1328 2628 convolneratus
1343 2575 1390 2621 1⁸⁵

205 2668 320 2745 captus
347 2661 447 2726 semel
472 2683 532 2747 per
559 2682 728 2727 cavernam
760 2662 990 2729 lautumiarum
1019 2665 1121 2730 evasit
1148 2662 1326 2752 angustias,

204 2759 347 2847 volpium
375 2762 481 2827 aditus
508 2771 652 2842 secutum
686 2763 804 2829 iterum
836 2774 966 2850 captus,
999 2766 1112 2852 sopitis
1141 2763 1328 2832 custodibus

206 2884 326 2942 somno,
349 2863 392 2928 ad
412 2863 522 2952 ignem
543 2864 714 2931 advolutus
734 2864 803 2931 lora
825 2888 898 2930 cum
919 2887 1052 2950 corpore
1072 2867 1213 2945 exussit3
1235 2864 1328 2931 tertio

205 2972 298 3049 capto
324 2955 576 3032 Lacedaemonii
603 2977 717 3054 pectus
745 2967 927 3032 dissecuere
955 2966 1078 3034 viventi
1104 2967 1327 3051 hirsutumque

204 3085 260 3131 cor
280 3078 447 3154 repertum
468 3078 527 3133 est.
563 3090 567 3095 ’

247 3169 298 3234 71.
319 3168 361 3235 In
383 3170 479 3237 corde
501 3192 625 3236 summo
647 3169 839 3257 pinguitudo
861 3168 1019 3254 quaedam
1042 3180 1092 3235 est
1110 3169 1203 3234 laetis
1225 3168 1392 3245 extis31⁸⁶

203 3290 267 3335 non
294 3292 424 3355 semper
450 3281 559 3337 autem
583 3271 619 3335 in
644 3281 737 3357 parte
765 3281 910 3338 extorum
936 3269 1082 3339 habitum
1103 3279 1161 3337 est.
1196 3267 1237 3332 1..
1258 3268 1327 3333 Po-

202 3439 393 3557 Ddiri'm’dssd·
411 3448 513 3505 pareat,
529 3435 586 3493 θΤ.
600 3456 651 3506 por
661 3449 722 3504 erat,
733 3443 802 3494 Pint.
823 3451 949 3509 appareat,
960 3445 1040 3499 Hand.
1056 3482 1089 3494 ...
1115 3438 1205 3505 oripinc
1212 3437 1327 3503 primam.

268 3523 306 3569 aa,
343 3543 350 3557 .

235 3577 324 3639 §¹⁸²-
346 3574 433 3638 ooimi,
449 3577 474 3626 d.
496 3616 529 3627 ..
547 3575 683 3642 sonpnbie,
699 3577 753 3627 Rc.
776 3617 805 3627 ..
831 3576 1103 3643 tripttctamtnoritm
1130 3573 1329 3637 emicabant

203 3658 250 3692 non
261 3640 351 3707 aliquo,
362 3644 431 3695 Pint.
448 3684 482 3695 ..
496 3643 590 3709 probro,
601 3645 654 3695 Rd.
669 3660 766 3709 prorsa
782 3636 856 3697 θΤτ.
874 3687 906 3697 ..
923 3663 1065 3712 sparsoque,
1076 3647 1101 3697 R
1130 3647 1155 3696 d
1172 3657 1328 3709 sparsaeque,

203 3706 350 3774 Barbanss.
367 3752 400 3763 ..
417 3711 499 3775 amica
511 3713 535 3763 d.
553 3753 586 3763 ..
607 3711 703 3775 Gom,
715 3715 740 3764 d.
759 3712 906 3775 aaron&
926 3754 955 3764 -
975 3713 1089 3779 corrupti,
1100 3714 1169 3765 B¹d.

238 3777 324 3839 §Isth
352 3777 515 3846 aptabat.
541 3821 574 3833 -
602 3777 690 3830 amida
702 3779 777 3830 nimio
792 3788 846 3843 cat,
858 3797 879 3832 r.
906 3779 994 3831 amida
1009 3798 1039 3833 ac
1056 3780 1172 3843 matra,
1187 3780 1277 3831 Dalec.
1295 3815 1328 3827 ..

200 3854 306 3910 macto,
318 3848 351 3898 K.
370 3889 403 3901 ..
421 3848 814 3911 bonnaristochistanime,
828 3854 867 3900 15.
880 3864 905 3914 p.
919 3855 1023 3901 50628.

238 3917 253 3977 ξ
268 3920 324 3966 184.
340 3914 446 3981 Aupari,
456 3918 482 3967 R
493 3931 560 3981 pone
572 3917 598 3966 la
609 3931 634 3967 v.
645 3917 834 3981 interpungens.
853 3957 886 3967 -
903 3925 933 3980 et,
945 3917 1005 3969 BT.
1022 3933 1060 3978 oc,
1071 3912 1145 3982 ᾱβγ.
1162 3923 1187 3965 et
1197 3913 1239 3977 od,
1251 3913 1277 3966 S.
1296 3953 1328 3962 ..

205 3978 236 4028 dr
269 3983 370 4043 maaR.
389 4023 421 4034 ..
439 3982 744 4049 quinquaqmmomffld'.
762 3984 980 4048 quinqanpcsimum
996 3999 1097 4046 anama,
1114 3980 1178 4045 ‘1²ss-
1197 4023 1229 4034 ..
1247 3980 1330 4040 Hirto,

205 4048 231 4098 R
267 4049 320 4125 hd.
336 4049 446 4167 girata
453 4046 484 4112 β.
497 4050 656 4169 {sortibus
667 4066 717 4103 ctae
728 4049 856 4115 induamus,
866 4052 951 4104 RKd.
961 4050 1076 4116 fortioris
1087 4067 1137 4103 erre
1147 4047 1288 4111 indicati-iae,
1299 4043 1329 4110 β.

207 4151 240 4163 ...
257 4122 325 4177 accat,
368 4153 374 4167 .
391 4117 493 4180 etaient,
534 4120 572 4169 (1¹.

241 4182 256 4245 ξ
270 4187 327 4233 185.
344 4193 436 4248 ωριιιε,
446 4186 499 4237 Rc.
517 4193 541 4234 et
551 4193 643 4250 coptus,
653 4156 755 4251 β’γ...
773 4203 907 4245 caverncm,
918 4186 950 4237 B.
968 4201 1091 4248 cavernas,
1103 4179 1202 4239 reor.
1221 4223 1253 4235 ..
1277 4180 1330 4232 lou-

208 4246 344 4314 lamiarum,
355 4244 485 4305 Boron
506 4251 665 4317 munierum,
674 4249 705 4317 β.
719 4294 750 4306 ,,
763 4253 895 4319 moyam,
904 4246 996 4308 Reor,
1015 4253 1204 4321 mmm
1222 4257 1330 4317 mame,
