<?xml version="1.0" encoding="UTF-8"?>
<!DOCTYPE html PUBLIC "-//W3C//DTD XHTML 1.0 Transitional//EN"
    "http://www.w3.org/TR/xhtml1/DTD/xhtml1-transitional.dtd">
<html xmlns="http://www.w3.org/1999/xhtml" xml:lang="en" lang="en">
 <head>
  <title>
</title>
<meta http-equiv="Content-Type" content="text/html;charset=utf-8" />
  <meta name='ocr-system' content='tesseract 3.04.00' />
  <meta name='ocr-capabilities' content='ocr_page ocr_carea ocr_par ocr_line ocrx_word'/>
</head>
<body>
  <div class='ocr_page' id='page_1' title='image "./cplinisecundina09plingoog_0052.png"; bbox 0 0 2896 4800; ppageno 0'>
   <div class='ocr_carea' id='block_1_1' title="bbox 320 288 1263 355">
    <p class='ocr_par' dir='ltr' id='par_1_1' title="bbox 320 288 1263 355">
     <span class='ocr_line' id='line_1_1' title="bbox 320 288 1263 355; baseline -0.002 -2"><span class='ocrx_word' id='word_1_1' title='bbox 320 308 391 355; x_wconf 80' lang='lat' dir='ltr'>ms.</span> <span class='ocrx_word' id='word_1_2' title='bbox 409 309 468 355; x_wconf 90' lang='lat' dir='ltr'>vn.</span> <span class='ocrx_word' id='word_1_3' title='bbox 498 307 577 353; x_wconf 74' lang='lat' dir='ltr'>cnr.</span> <span class='ocrx_word' id='word_1_4' title='bbox 595 306 842 352; x_wconf 76' lang='lat' dir='ltr'>xxx-xxm.</span> <span class='ocrx_word' id='word_1_5' title='bbox 873 304 972 353; x_wconf 81' lang='lat' dir='ltr'>anor.</span> <span class='ocrx_word' id='word_1_6' title='bbox 988 308 1080 352; x_wconf 56' lang='lat' dir='ltr'>ama.</span> <span class='ocrx_word' id='word_1_7' title='bbox 1222 288 1263 351; x_wconf 79' lang='lat'>37</span> 
     </span>
    </p>
   </div>
   <div class='ocr_carea' id='block_1_2' title="bbox 69 453 1409 2357">
    <p class='ocr_par' dir='ltr' id='par_1_2' title="bbox 131 453 1346 1558">
     <span class='ocr_line' id='line_1_2' title="bbox 137 453 1263 546; baseline -0.003 -20"><span class='ocrx_word' id='word_1_8' title='bbox 137 463 274 527; x_wconf 78' lang='lat' dir='ltr'>honores</span> <span class='ocrx_word' id='word_1_9' title='bbox 299 469 412 546; x_wconf 85' lang='lat' dir='ltr'>petere</span> <span class='ocrx_word' id='word_1_10' title='bbox 440 457 573 544; x_wconf 85' lang='lat' dir='ltr'>puduit3</span> <span class='ocrx_word' id='word_1_11' title='bbox 608 467 698 522; x_wconf 90' lang='lat' dir='ltr'>tuum</span> <span class='ocrx_word' id='word_1_12' title='bbox 727 453 869 520; x_wconf 79' lang='lat' dir='ltr'>Catilina</span> <span class='ocrx_word' id='word_1_13' title='bbox 901 455 987 541; x_wconf 82' lang='lat' dir='ltr'>fugit</span> <span class='ocrx_word' id='word_1_14' title='bbox 1013 456 1193 542; x_wconf 76' lang='lat' dir='ltr'>ingenium,</span> <span class='ocrx_word' id='word_1_15' title='bbox 1228 467 1263 522; x_wconf 86' lang='lat' dir='ltr'>tu</span> 
     </span>
     <span class='ocr_line' id='line_1_3' title="bbox 131 552 1346 644; baseline -0.003 -19"><span class='ocrx_word' id='word_1_16' title='bbox 131 552 187 626; x_wconf 88' lang='lat' dir='ltr'>M.</span> <span class='ocrx_word' id='word_1_17' title='bbox 213 559 391 626; x_wconf 88' lang='lat' dir='ltr'>Antonium</span> <span class='ocrx_word' id='word_1_18' title='bbox 417 555 645 643; x_wconf 80' lang='lat' dir='ltr'>proscripsisti.</span> <span class='ocrx_word' id='word_1_19' title='bbox 690 552 786 622; x_wconf 83' lang='lat' dir='ltr'>Salve</span> <span class='ocrx_word' id='word_1_20' title='bbox 817 553 942 640; x_wconf 91' lang='lat' dir='ltr'>primus</span> <span class='ocrx_word' id='word_1_21' title='bbox 973 555 1114 621; x_wconf 91' lang='lat' dir='ltr'>omnium</span> <span class='ocrx_word' id='word_1_22' title='bbox 1143 580 1262 644; x_wconf 88' lang='lat' dir='ltr'>parens</span> <span class='ocrx_word' id='word_1_23' title='bbox 1278 560 1346 621; x_wconf 80' lang='lat'>117&#39;</span> 
     </span>
     <span class='ocr_line' id='line_1_4' title="bbox 137 654 1262 748; baseline -0.001 -22"><span class='ocrx_word' id='word_1_24' title='bbox 137 662 260 748; x_wconf 89' lang='lat' dir='ltr'>patriae</span> <span class='ocrx_word' id='word_1_25' title='bbox 281 660 453 746; x_wconf 87' lang='lat' dir='ltr'>appellate,</span> <span class='ocrx_word' id='word_1_26' title='bbox 476 657 601 743; x_wconf 90' lang='lat' dir='ltr'>primus</span> <span class='ocrx_word' id='word_1_27' title='bbox 620 658 655 723; x_wconf 94' lang='lat' dir='ltr'>in</span> <span class='ocrx_word' id='word_1_28' title='bbox 677 667 753 744; x_wconf 87' lang='lat' dir='ltr'>toga</span> <span class='ocrx_word' id='word_1_29' title='bbox 774 654 971 741; x_wconf 91' lang='lat' dir='ltr'>triumphum</span> <span class='ocrx_word' id='word_1_30' title='bbox 983 656 1177 744; x_wconf 83' lang='lat' dir='ltr'>linguaeque</span> <span class='ocrx_word' id='word_1_31' title='bbox 1189 661 1262 725; x_wconf 92' lang='lat' dir='ltr'>lau-</span> 
     </span>
     <span class='ocr_line' id='line_1_5' title="bbox 138 755 1263 845; baseline -0.002 -17"><span class='ocrx_word' id='word_1_32' title='bbox 138 784 226 828; x_wconf 89' lang='lat' dir='ltr'>ream</span> <span class='ocrx_word' id='word_1_33' title='bbox 257 761 371 826; x_wconf 89' lang='lat' dir='ltr'>merite</span> <span class='ocrx_word' id='word_1_34' title='bbox 404 769 436 825; x_wconf 89' lang='lat' dir='ltr'>et</span> <span class='ocrx_word' id='word_1_35' title='bbox 467 758 634 824; x_wconf 81' lang='lat' dir='ltr'>facundiae</span> <span class='ocrx_word' id='word_1_36' title='bbox 666 756 900 842; x_wconf 88' lang='lat' dir='ltr'>Latiarumque</span> <span class='ocrx_word' id='word_1_37' title='bbox 932 755 1110 821; x_wconf 86' lang='lat' dir='ltr'>litterarum</span> <span class='ocrx_word' id='word_1_38' title='bbox 1145 783 1263 845; x_wconf 89' lang='lat' dir='ltr'>parens</span> 
     </span>
     <span class='ocr_line' id='line_1_6' title="bbox 138 857 1262 947; baseline -0.002 -20"><span class='ocrx_word' id='word_1_39' title='bbox 138 873 244 947; x_wconf 86' lang='lat' dir='ltr'>atque,</span> <span class='ocrx_word' id='word_1_40' title='bbox 272 872 309 926; x_wconf 92' lang='lat' dir='ltr'>ut</span> <span class='ocrx_word' id='word_1_41' title='bbox 338 861 475 926; x_wconf 88' lang='lat' dir='ltr'>dictator</span> <span class='ocrx_word' id='word_1_42' title='bbox 497 857 619 924; x_wconf 87' lang='lat' dir='ltr'>Caesar</span> <span class='ocrx_word' id='word_1_43' title='bbox 645 857 748 923; x_wconf 87' lang='lat' dir='ltr'>hostis</span> <span class='ocrx_word' id='word_1_44' title='bbox 775 857 937 941; x_wconf 88' lang='lat' dir='ltr'>quondam</span> <span class='ocrx_word' id='word_1_45' title='bbox 964 867 1039 921; x_wconf 90' lang='lat' dir='ltr'>tuus</span> <span class='ocrx_word' id='word_1_46' title='bbox 1066 858 1106 922; x_wconf 91' lang='lat' dir='ltr'>de</span> <span class='ocrx_word' id='word_1_47' title='bbox 1129 869 1161 924; x_wconf 87' lang='lat' dir='ltr'>to</span> <span class='ocrx_word' id='word_1_48' title='bbox 1185 863 1262 925; x_wconf 90' lang='lat' dir='ltr'>sori-</span> 
     </span>
     <span class='ocr_line' id='line_1_7' title="bbox 138 955 1263 1048; baseline -0.004 -20"><span class='ocrx_word' id='word_1_49' title='bbox 138 964 214 1048; x_wconf 89' lang='lat' dir='ltr'>psit,</span> <span class='ocrx_word' id='word_1_50' title='bbox 237 963 381 1028; x_wconf 91' lang='lat' dir='ltr'>omnium</span> <span class='ocrx_word' id='word_1_51' title='bbox 403 959 638 1046; x_wconf 90' lang='lat' dir='ltr'>triumphorum</span> <span class='ocrx_word' id='word_1_52' title='bbox 658 959 768 1023; x_wconf 88' lang='lat' dir='ltr'>laurea</span> <span class='ocrx_word' id='word_1_53' title='bbox 788 957 924 1023; x_wconf 89' lang='lat' dir='ltr'>maiorel</span> <span class='ocrx_word' id='word_1_54' title='bbox 953 955 1085 1039; x_wconf 81' lang='lat' dir='ltr'>Quanto</span> <span class='ocrx_word' id='word_1_55' title='bbox 1107 957 1182 1044; x_wconf 89' lang='lat' dir='ltr'>plus</span> <span class='ocrx_word' id='word_1_56' title='bbox 1203 971 1263 1038; x_wconf 87' lang='lat' dir='ltr'>est,</span> 
     </span>
     <span class='ocr_line' id='line_1_8' title="bbox 137 1059 1263 1149; baseline -0.004 -20"><span class='ocrx_word' id='word_1_57' title='bbox 137 1064 248 1149; x_wconf 84' lang='lat' dir='ltr'>ingeni</span> <span class='ocrx_word' id='word_1_58' title='bbox 262 1063 402 1130; x_wconf 88' lang='lat' dir='ltr'>Romani</span> <span class='ocrx_word' id='word_1_59' title='bbox 424 1061 577 1126; x_wconf 90' lang='lat' dir='ltr'>terminos</span> <span class='ocrx_word' id='word_1_60' title='bbox 598 1060 634 1124; x_wconf 93' lang='lat' dir='ltr'>in</span> <span class='ocrx_word' id='word_1_61' title='bbox 655 1069 780 1124; x_wconf 88' lang='lat' dir='ltr'>tantum</span> <span class='ocrx_word' id='word_1_62' title='bbox 801 1059 1001 1144; x_wconf 86' lang='lat' dir='ltr'>promovisse</span> <span class='ocrx_word' id='word_1_63' title='bbox 1022 1083 1120 1144; x_wconf 88' lang='lat' dir='ltr'>quam</span> <span class='ocrx_word' id='word_1_64' title='bbox 1141 1060 1263 1144; x_wconf 83' lang='lat' dir='ltr'>inperii</span> 
     </span>
     <span class='ocr_line' id='line_1_9' title="bbox 138 1160 1327 1253; baseline -0.005 -24"><span class='ocrx_word' id='word_1_65' title='bbox 138 1163 278 1229; x_wconf 88' lang='lat' dir='ltr'>XXXI.</span> <span class='ocrx_word' id='word_1_66' title='bbox 311 1163 460 1253; x_wconf 84' lang='lat' dir='ltr'>Reliquis</span> <span class='ocrx_word' id='word_1_67' title='bbox 486 1162 583 1226; x_wconf 91' lang='lat' dir='ltr'>animi</span> <span class='ocrx_word' id='word_1_68' title='bbox 615 1161 710 1226; x_wconf 91' lang='lat' dir='ltr'>bonis</span> <span class='ocrx_word' id='word_1_69' title='bbox 741 1161 933 1247; x_wconf 89' lang='lat' dir='ltr'>praestitere</span> <span class='ocrx_word' id='word_1_70' title='bbox 965 1172 1088 1226; x_wconf 86' lang='lat' dir='ltr'>ceteros</span> <span class='ocrx_word' id='word_1_71' title='bbox 1120 1160 1265 1228; x_wconf 90' lang='lat' dir='ltr'>mortalis</span> <span class='ocrx_word' id='word_1_72' title='bbox 1279 1179 1327 1225; x_wconf 84' lang='lat' dir='ltr'>na</span> 
     </span>
     <span class='ocr_line' id='line_1_10' title="bbox 141 1260 1263 1349; baseline -0.002 -21"><span class='ocrx_word' id='word_1_73' title='bbox 141 1263 310 1348; x_wconf 88' lang='lat' dir='ltr'>sapientia,</span> <span class='ocrx_word' id='word_1_74' title='bbox 338 1263 380 1328; x_wconf 95' lang='lat' dir='ltr'>ob</span> <span class='ocrx_word' id='word_1_75' title='bbox 401 1264 436 1328; x_wconf 91' lang='lat' dir='ltr'>id</span> <span class='ocrx_word' id='word_1_76' title='bbox 458 1261 543 1341; x_wconf 85' lang='lat' dir='ltr'>Cati,</span> <span class='ocrx_word' id='word_1_77' title='bbox 572 1260 703 1328; x_wconf 82' lang='lat' dir='ltr'>Corculi</span> <span class='ocrx_word' id='word_1_78' title='bbox 729 1263 817 1348; x_wconf 90' lang='lat' dir='ltr'>apud</span> <span class='ocrx_word' id='word_1_79' title='bbox 842 1261 1007 1328; x_wconf 88' lang='lat' dir='ltr'>Romanos</span> <span class='ocrx_word' id='word_1_80' title='bbox 1035 1263 1263 1349; x_wconf 88' lang='lat' dir='ltr'>cognominati,</span> 
     </span>
     <span class='ocr_line' id='line_1_11' title="bbox 141 1356 1264 1450; baseline 0.001 -23"><span class='ocrx_word' id='word_1_81' title='bbox 141 1364 229 1449; x_wconf 90' lang='lat' dir='ltr'>apud</span> <span class='ocrx_word' id='word_1_82' title='bbox 257 1361 400 1432; x_wconf 86' lang='lat' dir='ltr'>Graecos</span> <span class='ocrx_word' id='word_1_83' title='bbox 428 1361 577 1430; x_wconf 87' lang='lat' dir='ltr'>Socrates</span> <span class='ocrx_word' id='word_1_84' title='bbox 610 1363 738 1430; x_wconf 90' lang='lat' dir='ltr'>oraculo</span> <span class='ocrx_word' id='word_1_85' title='bbox 763 1356 928 1450; x_wconf 81' lang='lat' dir='ltr'>Apollinis</span> <span class='ocrx_word' id='word_1_86' title='bbox 960 1362 1071 1450; x_wconf 88' lang='lat' dir='ltr'>Pythii</span> <span class='ocrx_word' id='word_1_87' title='bbox 1101 1363 1264 1450; x_wconf 87' lang='lat' dir='ltr'>praelatus</span> 
     </span>
     <span class='ocr_line' id='line_1_12' title="bbox 140 1465 822 1558; baseline -0.001 -28"><span class='ocrx_word' id='word_1_88' title='bbox 140 1465 273 1531; x_wconf 91' lang='lat' dir='ltr'>cunctis.</span> <span class='ocrx_word' id='word_1_89' title='bbox 352 1514 354 1518; x_wconf 15' lang='lat' dir='ltr'>a</span> <span class='ocrx_word' id='word_1_90' title='bbox 819 1548 822 1558; x_wconf 94' lang='lat'>.</span> 
     </span>
    </p>

    <p class='ocr_par' dir='ltr' id='par_1_3' title="bbox 138 1552 1409 2158">
     <span class='ocr_line' id='line_1_13' title="bbox 180 1552 1409 1643; baseline -0.004 -12"><span class='ocrx_word' id='word_1_91' title='bbox 180 1565 339 1643; x_wconf 78' lang='lat' dir='ltr'>XXXII,</span> <span class='ocrx_word' id='word_1_92' title='bbox 371 1568 422 1632; x_wconf 75' lang='lat'>32.</span> <span class='ocrx_word' id='word_1_93' title='bbox 452 1568 581 1634; x_wconf 88' lang='lat' dir='ltr'>Rursus</span> <span class='ocrx_word' id='word_1_94' title='bbox 602 1567 753 1633; x_wconf 83' lang='lat' dir='ltr'>mortales</span> <span class='ocrx_word' id='word_1_95' title='bbox 775 1554 975 1633; x_wconf 79' lang='lat' dir='ltr'>oraculorum</span> <span class='ocrx_word' id='word_1_96' title='bbox 998 1552 1191 1634; x_wconf 81' lang='lat' dir='ltr'>societatem</span> <span class='ocrx_word' id='word_1_97' title='bbox 1205 1566 1263 1633; x_wconf 89' lang='lat' dir='ltr'>de·</span> <span class='ocrx_word' id='word_1_98' title='bbox 1279 1582 1326 1629; x_wconf 81' lang='lat'>119</span> <span class='ocrx_word' id='word_1_99' title='bbox 1406 1634 1409 1639; x_wconf 51' lang='grc'><strong>,</strong></span> 
     </span>
     <span class='ocr_line' id='line_1_14' title="bbox 139 1665 1263 1756; baseline 0.003 -25"><span class='ocrx_word' id='word_1_100' title='bbox 139 1668 214 1732; x_wconf 90' lang='lat' dir='ltr'>dere</span> <span class='ocrx_word' id='word_1_101' title='bbox 244 1665 374 1732; x_wconf 85' lang='lat' dir='ltr'>Chiloni</span> <span class='ocrx_word' id='word_1_102' title='bbox 401 1667 659 1735; x_wconf 86' lang='lat' dir='ltr'>Lacedaemonio</span> <span class='ocrx_word' id='word_1_103' title='bbox 686 1678 859 1755; x_wconf 90' lang='lat' dir='ltr'>praecepta</span> <span class='ocrx_word' id='word_1_104' title='bbox 890 1669 959 1734; x_wconf 89' lang='lat' dir='ltr'>eius</span> <span class='ocrx_word' id='word_1_105' title='bbox 986 1668 1123 1756; x_wconf 89' lang='lat' dir='ltr'>Delphis</span> <span class='ocrx_word' id='word_1_106' title='bbox 1150 1691 1263 1734; x_wconf 90' lang='lat' dir='ltr'>conse·</span> 
     </span>
     <span class='ocr_line' id='line_1_15' title="bbox 138 1769 1336 1856; baseline 0.002 -24"><span class='ocrx_word' id='word_1_107' title='bbox 138 1769 257 1834; x_wconf 87' lang='lat' dir='ltr'>orando</span> <span class='ocrx_word' id='word_1_108' title='bbox 286 1769 392 1834; x_wconf 88' lang='lat' dir='ltr'>aureis</span> <span class='ocrx_word' id='word_1_109' title='bbox 416 1769 543 1849; x_wconf 87' lang='lat' dir='ltr'>litteris,</span> <span class='ocrx_word' id='word_1_110' title='bbox 571 1792 654 1856; x_wconf 86' lang='lat' dir='ltr'>quae</span> <span class='ocrx_word' id='word_1_111' title='bbox 682 1778 757 1838; x_wconf 90' lang='lat' dir='ltr'>sunt</span> <span class='ocrx_word' id='word_1_112' title='bbox 782 1769 878 1835; x_wconf 88' lang='lat' dir='ltr'>haec:</span> <span class='ocrx_word' id='word_1_113' title='bbox 907 1792 1004 1835; x_wconf 87' lang='lat' dir='ltr'>nosse</span> <span class='ocrx_word' id='word_1_114' title='bbox 1032 1792 1067 1835; x_wconf 91' lang='lat' dir='ltr'>se</span> <span class='ocrx_word' id='word_1_115' title='bbox 1093 1791 1262 1854; x_wconf 88' lang='lat' dir='ltr'>quemque,</span> <span class='ocrx_word' id='word_1_116' title='bbox 1335 1797 1336 1801; x_wconf 43' lang='lat'>¹</span> 
     </span>
     <span class='ocr_line' id='line_1_16' title="bbox 138 1868 1263 1956; baseline 0.001 -23"><span class='ocrx_word' id='word_1_117' title='bbox 138 1881 170 1933; x_wconf 91' lang='lat' dir='ltr'>et</span> <span class='ocrx_word' id='word_1_118' title='bbox 190 1868 270 1934; x_wconf 92' lang='lat' dir='ltr'>nihil</span> <span class='ocrx_word' id='word_1_119' title='bbox 290 1869 426 1934; x_wconf 89' lang='lat' dir='ltr'>nimium</span> <span class='ocrx_word' id='word_1_120' title='bbox 446 1892 575 1956; x_wconf 88' lang='lat' dir='ltr'>cupere,</span> <span class='ocrx_word' id='word_1_121' title='bbox 604 1871 816 1954; x_wconf 81' lang='lat' dir='ltr'>comitemque</span> <span class='ocrx_word' id='word_1_122' title='bbox 843 1869 927 1935; x_wconf 84' lang='lat' dir='ltr'>aeris</span> <span class='ocrx_word' id='word_1_123' title='bbox 956 1870 1052 1935; x_wconf 89' lang='lat' dir='ltr'>alieni</span> <span class='ocrx_word' id='word_1_124' title='bbox 1080 1881 1176 1954; x_wconf 88' lang='lat' dir='ltr'>atque</span> <span class='ocrx_word' id='word_1_125' title='bbox 1197 1870 1263 1934; x_wconf 86' lang='lat' dir='ltr'>litis</span> 
     </span>
     <span class='ocr_line' id='line_1_17' title="bbox 140 1968 1262 2056; baseline 0.003 -22"><span class='ocrx_word' id='word_1_126' title='bbox 140 1991 211 2034; x_wconf 83' lang='lat' dir='ltr'>esse</span> <span class='ocrx_word' id='word_1_127' title='bbox 232 1969 404 2035; x_wconf 86' lang='lat' dir='ltr'>miseriam.</span> <span class='ocrx_word' id='word_1_128' title='bbox 433 1968 523 2052; x_wconf 81' lang='lat' dir='ltr'>Quin</span> <span class='ocrx_word' id='word_1_129' title='bbox 544 1981 577 2036; x_wconf 93' lang='lat' dir='ltr'>et</span> <span class='ocrx_word' id='word_1_130' title='bbox 596 1972 694 2037; x_wconf 86' lang='lat' dir='ltr'>funus</span> <span class='ocrx_word' id='word_1_131' title='bbox 716 1971 796 2049; x_wconf 91' lang='lat' dir='ltr'>eius,</span> <span class='ocrx_word' id='word_1_132' title='bbox 820 1992 893 2036; x_wconf 89' lang='lat' dir='ltr'>cum</span> <span class='ocrx_word' id='word_1_133' title='bbox 914 1971 1035 2036; x_wconf 87' lang='lat' dir='ltr'>victore</span> <span class='ocrx_word' id='word_1_134' title='bbox 1055 1971 1122 2037; x_wconf 88' lang='lat' dir='ltr'>filio</span> <span class='ocrx_word' id='word_1_135' title='bbox 1145 1969 1262 2056; x_wconf 81' lang='lat' dir='ltr'>Olym-</span> 
     </span>
     <span class='ocr_line' id='line_1_18' title="bbox 138 2069 1260 2158; baseline 0.007 -25"><span class='ocrx_word' id='word_1_136' title='bbox 138 2069 212 2155; x_wconf 90' lang='lat' dir='ltr'>piae</span> <span class='ocrx_word' id='word_1_137' title='bbox 234 2072 433 2156; x_wconf 85' lang='lat' dir='ltr'>exspirasset</span> <span class='ocrx_word' id='word_1_138' title='bbox 453 2072 583 2158; x_wconf 85' lang='lat' dir='ltr'>gaudio,</span> <span class='ocrx_word' id='word_1_139' title='bbox 606 2081 676 2136; x_wconf 88' lang='lat' dir='ltr'>tota</span> <span class='ocrx_word' id='word_1_140' title='bbox 697 2070 836 2138; x_wconf 87' lang='lat' dir='ltr'>Graecia</span> <span class='ocrx_word' id='word_1_141' title='bbox 856 2082 1028 2158; x_wconf 88' lang='lat' dir='ltr'>prosecuta</span> <span class='ocrx_word' id='word_1_142' title='bbox 1049 2082 1109 2137; x_wconf 90' lang='lat' dir='ltr'>est.</span> <span class='ocrx_word' id='word_1_143' title='bbox 1245 2113 1260 2141; x_wconf 64' lang='grc' dir='ltr'><strong>ι</strong></span> 
     </span>
    </p>

    <p class='ocr_par' dir='ltr' id='par_1_4' title="bbox 180 2171 1262 2255">
     <span class='ocr_line' id='line_1_19' title="bbox 180 2171 1262 2255; baseline -0.002 -19"><span class='ocrx_word' id='word_1_144' title='bbox 180 2171 354 2236; x_wconf 90' lang='lat' dir='ltr'>XXXHI.</span> <span class='ocrx_word' id='word_1_145' title='bbox 387 2173 439 2236; x_wconf 86' lang='lat'>33.</span> <span class='ocrx_word' id='word_1_146' title='bbox 461 2173 628 2238; x_wconf 84' lang='lat' dir='ltr'>Divinitas</span> <span class='ocrx_word' id='word_1_147' title='bbox 650 2183 683 2236; x_wconf 91' lang='lat' dir='ltr'>et</span> <span class='ocrx_word' id='word_1_148' title='bbox 704 2173 863 2255; x_wconf 86' lang='lat' dir='ltr'>quaedam</span> <span class='ocrx_word' id='word_1_149' title='bbox 884 2173 1031 2235; x_wconf 90' lang='lat' dir='ltr'>caelitum</span> <span class='ocrx_word' id='word_1_150' title='bbox 1047 2172 1182 2235; x_wconf 88' lang='lat' dir='ltr'>societas</span> <span class='ocrx_word' id='word_1_151' title='bbox 1203 2192 1262 2234; x_wconf 91' lang='lat' dir='ltr'>no-</span> 
     </span>
    </p>

    <p class='ocr_par' dir='ltr' id='par_1_5' title="bbox 69 2269 1264 2357">
     <span class='ocr_line' id='line_1_20' title="bbox 69 2269 1264 2357; baseline 0.001 -23"><span class='ocrx_word' id='word_1_152' title='bbox 69 2318 72 2323; x_wconf 75' lang='lat'><em>·</em></span> <span class='ocrx_word' id='word_1_153' title='bbox 137 2271 296 2337; x_wconf 88' lang='lat' dir='ltr'>bilissima</span> <span class='ocrx_word' id='word_1_154' title='bbox 317 2293 358 2334; x_wconf 87' lang='lat' dir='ltr'>ex</span> <span class='ocrx_word' id='word_1_155' title='bbox 379 2271 509 2335; x_wconf 88' lang='lat' dir='ltr'>feminis</span> <span class='ocrx_word' id='word_1_156' title='bbox 529 2272 565 2334; x_wconf 92' lang='lat' dir='ltr'>in</span> <span class='ocrx_word' id='word_1_157' title='bbox 588 2269 714 2354; x_wconf 84' lang='lat' dir='ltr'>Sibylla</span> <span class='ocrx_word' id='word_1_158' title='bbox 734 2271 805 2348; x_wconf 87' lang='lat' dir='ltr'>fuit,</span> <span class='ocrx_word' id='word_1_159' title='bbox 834 2293 875 2334; x_wconf 89' lang='lat' dir='ltr'>ex</span> <span class='ocrx_word' id='word_1_160' title='bbox 901 2270 981 2334; x_wconf 86' lang='lat' dir='ltr'>viris</span> <span class='ocrx_word' id='word_1_161' title='bbox 1001 2271 1036 2334; x_wconf 93' lang='lat' dir='ltr'>in</span> <span class='ocrx_word' id='word_1_162' title='bbox 1057 2270 1264 2357; x_wconf 89' lang='lat' dir='ltr'>Melampode</span> 
     </span>
    </p>
   </div>
   <div class='ocr_carea' id='block_1_3' title="bbox 139 2358 1423 2966">
    <p class='ocr_par' dir='ltr' id='par_1_6' title="bbox 141 2358 915 2457">
     <span class='ocr_line' id='line_1_21' title="bbox 141 2358 915 2457; baseline 0.001 -23"><span class='ocrx_word' id='word_1_163' title='bbox 141 2371 229 2456; x_wconf 91' lang='lat' dir='ltr'>apud</span> <span class='ocrx_word' id='word_1_164' title='bbox 252 2369 406 2448; x_wconf 85' lang='lat' dir='ltr'>Graecos,</span> <span class='ocrx_word' id='word_1_165' title='bbox 429 2371 517 2457; x_wconf 91' lang='lat' dir='ltr'>apud</span> <span class='ocrx_word' id='word_1_166' title='bbox 531 2370 702 2436; x_wconf 85' lang='lat' dir='ltr'>Romanos</span> <span class='ocrx_word' id='word_1_167' title='bbox 724 2371 758 2435; x_wconf 93' lang='lat' dir='ltr'>in</span> <span class='ocrx_word' id='word_1_168' title='bbox 772 2358 915 2437; x_wconf 82' lang='lat' dir='ltr'>Marcio.</span> 
     </span>
    </p>

    <p class='ocr_par' dir='ltr' id='par_1_7' title="bbox 139 2470 1423 2966">
     <span class='ocr_line' id='line_1_22' title="bbox 182 2470 1326 2559; baseline -0.003 -23"><span class='ocrx_word' id='word_1_169' title='bbox 182 2470 353 2538; x_wconf 92' lang='lat' dir='ltr'>XXXIV.</span> <span class='ocrx_word' id='word_1_170' title='bbox 388 2473 441 2538; x_wconf 84' lang='grc'>34.</span> <span class='ocrx_word' id='word_1_171' title='bbox 469 2472 532 2538; x_wconf 90' lang='lat' dir='ltr'>Vir</span> <span class='ocrx_word' id='word_1_172' title='bbox 554 2482 706 2559; x_wconf 89' lang='lat' dir='ltr'>optumus</span> <span class='ocrx_word' id='word_1_173' title='bbox 729 2472 826 2538; x_wconf 86' lang='lat' dir='ltr'>semel</span> <span class='ocrx_word' id='word_1_174' title='bbox 848 2495 868 2537; x_wconf 86' lang='lat' dir='ltr'>a</span> <span class='ocrx_word' id='word_1_175' title='bbox 889 2473 1017 2539; x_wconf 88' lang='lat' dir='ltr'>condito</span> <span class='ocrx_word' id='word_1_176' title='bbox 1038 2494 1118 2539; x_wconf 82' lang='lat' dir='ltr'>aevo</span> <span class='ocrx_word' id='word_1_177' title='bbox 1138 2472 1262 2537; x_wconf 87' lang='lat' dir='ltr'>iudica·</span> <span class='ocrx_word' id='word_1_178' title='bbox 1277 2489 1326 2534; x_wconf 81' lang='lat' dir='ltr'>rao</span> 
     </span>
     <span class='ocr_line' id='line_1_23' title="bbox 139 2571 1262 2662; baseline 0.003 -25"><span class='ocrx_word' id='word_1_179' title='bbox 139 2582 193 2639; x_wconf 88' lang='lat' dir='ltr'>tus</span> <span class='ocrx_word' id='word_1_180' title='bbox 214 2584 264 2640; x_wconf 88' lang='lat' dir='ltr'>est</span> <span class='ocrx_word' id='word_1_181' title='bbox 280 2571 389 2662; x_wconf 86' lang='lat' dir='ltr'>Scipio</span> <span class='ocrx_word' id='word_1_182' title='bbox 407 2573 528 2642; x_wconf 88' lang='lat' dir='ltr'>Nasica</span> <span class='ocrx_word' id='word_1_183' title='bbox 549 2598 569 2639; x_wconf 91' lang='lat' dir='ltr'>a</span> <span class='ocrx_word' id='word_1_184' title='bbox 589 2575 695 2640; x_wconf 87' lang='lat' dir='ltr'>iurato</span> <span class='ocrx_word' id='word_1_185' title='bbox 717 2584 842 2653; x_wconf 84' lang='lat' dir='ltr'>senatu,</span> <span class='ocrx_word' id='word_1_186' title='bbox 864 2575 951 2640; x_wconf 91' lang='lat' dir='ltr'>idem</span> <span class='ocrx_word' id='word_1_187' title='bbox 970 2576 1006 2639; x_wconf 93' lang='lat' dir='ltr'>in</span> <span class='ocrx_word' id='word_1_188' title='bbox 1028 2585 1104 2662; x_wconf 86' lang='lat' dir='ltr'>toga</span> <span class='ocrx_word' id='word_1_189' title='bbox 1126 2575 1262 2640; x_wconf 85' lang='lat' dir='ltr'>candida</span> 
     </span>
     <span class='ocr_line' id='line_1_24' title="bbox 139 2674 1423 2763; baseline 0.005 -24"><span class='ocrx_word' id='word_1_190' title='bbox 139 2674 190 2740; x_wconf 88' lang='lat' dir='ltr'>bis</span> <span class='ocrx_word' id='word_1_191' title='bbox 211 2675 342 2761; x_wconf 89' lang='lat' dir='ltr'>repulsa</span> <span class='ocrx_word' id='word_1_192' title='bbox 362 2686 490 2743; x_wconf 88' lang='lat' dir='ltr'>notatus</span> <span class='ocrx_word' id='word_1_193' title='bbox 512 2699 532 2741; x_wconf 87' lang='lat' dir='ltr'>a</span> <span class='ocrx_word' id='word_1_194' title='bbox 552 2677 683 2763; x_wconf 91' lang='lat' dir='ltr'>populo.</span> <span class='ocrx_word' id='word_1_195' title='bbox 718 2676 759 2741; x_wconf 94' lang='lat' dir='ltr'>In</span> <span class='ocrx_word' id='word_1_196' title='bbox 786 2698 911 2742; x_wconf 89' lang='lat' dir='ltr'>summa</span> <span class='ocrx_word' id='word_1_197' title='bbox 938 2678 968 2741; x_wconf 93' lang='lat' dir='ltr'>ei</span> <span class='ocrx_word' id='word_1_198' title='bbox 992 2677 1027 2741; x_wconf 90' lang='lat' dir='ltr'>in</span> <span class='ocrx_word' id='word_1_199' title='bbox 1053 2677 1159 2762; x_wconf 89' lang='lat' dir='ltr'>patria</span> <span class='ocrx_word' id='word_1_200' title='bbox 1180 2677 1262 2742; x_wconf 93' lang='lat' dir='ltr'>mori</span> <span class='ocrx_word' id='word_1_201' title='bbox 1321 2740 1325 2745; x_wconf 93' lang='lat'>.</span> <span class='ocrx_word' id='word_1_202' title='bbox 1419 2742 1423 2761; x_wconf 78' lang='grc'>,</span> 
     </span>
     <span class='ocr_line' id='line_1_25' title="bbox 139 2777 1262 2864; baseline -0.002 -22"><span class='ocrx_word' id='word_1_203' title='bbox 139 2800 204 2842; x_wconf 90' lang='lat' dir='ltr'>non</span> <span class='ocrx_word' id='word_1_204' title='bbox 224 2777 325 2856; x_wconf 88' lang='lat' dir='ltr'>licuit,</span> <span class='ocrx_word' id='word_1_205' title='bbox 352 2801 428 2856; x_wconf 92' lang='lat' dir='ltr'>non,</span> <span class='ocrx_word' id='word_1_206' title='bbox 451 2778 603 2857; x_wconf 87' lang='lat' dir='ltr'>Hercule,</span> <span class='ocrx_word' id='word_1_207' title='bbox 630 2778 735 2864; x_wconf 85' lang='lat' dir='ltr'>magis</span> <span class='ocrx_word' id='word_1_208' title='bbox 758 2799 855 2861; x_wconf 91' lang='lat' dir='ltr'>quam</span> <span class='ocrx_word' id='word_1_209' title='bbox 876 2787 968 2844; x_wconf 87' lang='lat' dir='ltr'>extra</span> <span class='ocrx_word' id='word_1_210' title='bbox 993 2778 1120 2843; x_wconf 90' lang='lat' dir='ltr'>vincula</span> <span class='ocrx_word' id='word_1_211' title='bbox 1141 2778 1187 2841; x_wconf 93' lang='lat' dir='ltr'>illi</span> <span class='ocrx_word' id='word_1_212' title='bbox 1209 2799 1262 2842; x_wconf 89' lang='lat' dir='ltr'>sa-</span> 
     </span>
     <span class='ocr_line' id='line_1_26' title="bbox 139 2875 897 2966; baseline 0.003 -25"><span class='ocrx_word' id='word_1_213' title='bbox 139 2876 339 2965; x_wconf 87' lang='lat' dir='ltr'>pientissimo</span> <span class='ocrx_word' id='word_1_214' title='bbox 361 2877 402 2944; x_wconf 91' lang='lat' dir='ltr'>ab</span> <span class='ocrx_word' id='word_1_215' title='bbox 422 2879 575 2966; x_wconf 88' lang='lat' dir='ltr'>Apolline</span> <span class='ocrx_word' id='word_1_216' title='bbox 595 2877 737 2944; x_wconf 89' lang='lat' dir='ltr'>iudicato</span> <span class='ocrx_word' id='word_1_217' title='bbox 760 2875 897 2945; x_wconf 88' lang='lat' dir='ltr'>Socrati.</span> 
     </span>
    </p>
   </div>
   <div class='ocr_carea' id='block_1_4' title="bbox 139 3049 1266 4326">
    <p class='ocr_par' dir='ltr' id='par_1_8' title="bbox 140 3049 1263 3250">
     <span class='ocr_line' id='line_1_27' title="bbox 140 3049 1263 3117; baseline 0.003 -21"><span class='ocrx_word' id='word_1_218' title='bbox 140 3049 227 3097; x_wconf 83' lang='lat' dir='ltr'>minine</span> <span class='ocrx_word' id='word_1_219' title='bbox 243 3049 385 3114; x_wconf 62' lang='lat' dir='ltr'>discrimine,</span> <span class='ocrx_word' id='word_1_220' title='bbox 402 3053 444 3104; x_wconf 87' lang='lat' dir='ltr'>Sr.</span> <span class='ocrx_word' id='word_1_221' title='bbox 471 3054 667 3117; x_wconf 83' lang='lat' dir='ltr'>Adstipulantur</span> <span class='ocrx_word' id='word_1_222' title='bbox 682 3052 748 3104; x_wconf 87' lang='lat' dir='ltr'>Rob.</span> <span class='ocrx_word' id='word_1_223' title='bbox 767 3061 792 3102; x_wconf 81' lang='lat' dir='ltr'>at</span> <span class='ocrx_word' id='word_1_224' title='bbox 802 3053 835 3114; x_wconf 90' lang='lat' dir='ltr'>K,</span> <span class='ocrx_word' id='word_1_225' title='bbox 847 3053 897 3103; x_wconf 90' lang='lat' dir='ltr'>nisi</span> <span class='ocrx_word' id='word_1_226' title='bbox 915 3056 984 3116; x_wconf 90' lang='lat' dir='ltr'>quod</span> <span class='ocrx_word' id='word_1_227' title='bbox 1000 3055 1045 3104; x_wconf 91' lang='lat' dir='ltr'>ille</span> <span class='ocrx_word' id='word_1_228' title='bbox 1061 3059 1204 3116; x_wconf 78' lang='lat' dir='ltr'>aetolosque,</span> <span class='ocrx_word' id='word_1_229' title='bbox 1219 3052 1263 3099; x_wconf 90' lang='lat' dir='ltr'>hic</span> 
     </span>
     <span class='ocr_line' id='line_1_28' title="bbox 140 3116 1263 3183; baseline 0.004 -21"><span class='ocrx_word' id='word_1_230' title='bbox 140 3122 254 3178; x_wconf 84' lang='lat' dir='ltr'>notosque</span> <span class='ocrx_word' id='word_1_231' title='bbox 269 3119 353 3166; x_wconf 85' lang='lat' dir='ltr'>habet.</span> <span class='ocrx_word' id='word_1_232' title='bbox 373 3159 405 3168; x_wconf 84' lang='lat'>..</span> <span class='ocrx_word' id='word_1_233' title='bbox 423 3125 453 3180; x_wconf 87' lang='lat' dir='ltr'>et,</span> <span class='ocrx_word' id='word_1_234' title='bbox 468 3120 522 3179; x_wconf 72' lang='lat' dir='ltr'>Ro,</span> <span class='ocrx_word' id='word_1_235' title='bbox 541 3160 572 3168; x_wconf 79' lang='grc'><strong>-</strong></span> <span class='ocrx_word' id='word_1_236' title='bbox 594 3118 759 3180; x_wconf 68' lang='lat' dir='ltr'>Continuam</span> <span class='ocrx_word' id='word_1_237' title='bbox 778 3160 810 3170; x_wconf 88' lang='lat'>..</span> <span class='ocrx_word' id='word_1_238' title='bbox 828 3119 963 3183; x_wconf 70' lang='lat' dir='ltr'>inpertiam,</span> <span class='ocrx_word' id='word_1_239' title='bbox 982 3123 1005 3169; x_wconf 90' lang='lat' dir='ltr'>d.</span> <span class='ocrx_word' id='word_1_240' title='bbox 1025 3159 1057 3168; x_wconf 89' lang='lat'>..</span> <span class='ocrx_word' id='word_1_241' title='bbox 1076 3119 1109 3179; x_wconf 71' lang='lat' dir='ltr'>a,</span> <span class='ocrx_word' id='word_1_242' title='bbox 1122 3121 1146 3168; x_wconf 87' lang='lat' dir='ltr'>d.</span> <span class='ocrx_word' id='word_1_243' title='bbox 1165 3157 1197 3169; x_wconf 84' lang='lat'>..</span> <span class='ocrx_word' id='word_1_244' title='bbox 1215 3116 1263 3177; x_wconf 80' lang='lat' dir='ltr'>M,</span> 
     </span>
     <span class='ocr_line' id='line_1_29' title="bbox 141 3180 640 3250; baseline 0.01 -20"><span class='ocrx_word' id='word_1_245' title='bbox 141 3183 223 3232; x_wconf 87' lang='lat' dir='ltr'>omitt.</span> <span class='ocrx_word' id='word_1_246' title='bbox 236 3185 253 3232; x_wconf 92' lang='lat' dir='ltr'>d</span> <span class='ocrx_word' id='word_1_247' title='bbox 264 3180 356 3247; x_wconf 88' lang='lat' dir='ltr'>(Rob.)</span> <span class='ocrx_word' id='word_1_248' title='bbox 374 3227 406 3235; x_wconf 85' lang='lat'><em>-</em></span> <span class='ocrx_word' id='word_1_249' title='bbox 420 3185 603 3250; x_wconf 62' lang='lat' dir='ltr'>prorumpentes,</span> <span class='ocrx_word' id='word_1_250' title='bbox 617 3189 640 3235; x_wconf 87' lang='lat' dir='ltr'>d.</span> 
     </span>
    </p>

    <p class='ocr_par' dir='ltr' id='par_1_9' title="bbox 139 3248 1265 3656">
     <span class='ocr_line' id='line_1_30' title="bbox 174 3248 1262 3317; baseline 0.001 -17"><span class='ocrx_word' id='word_1_251' title='bbox 174 3252 260 3313; x_wconf 85' lang='lat'><strong>§117.</strong></span> <span class='ocrx_word' id='word_1_252' title='bbox 279 3249 436 3316; x_wconf 75' lang='lat' dir='ltr'>linquamque,</span> <span class='ocrx_word' id='word_1_253' title='bbox 448 3255 502 3304; x_wconf 86' lang='lat' dir='ltr'>Rd.</span> <span class='ocrx_word' id='word_1_254' title='bbox 522 3295 553 3304; x_wconf 90' lang='lat'>..</span> <span class='ocrx_word' id='word_1_255' title='bbox 571 3252 754 3316; x_wconf 68' lang='lat' dir='ltr'>Latinarumque,</span> <span class='ocrx_word' id='word_1_256' title='bbox 765 3254 798 3303; x_wconf 88' lang='lat' dir='ltr'>R.</span> <span class='ocrx_word' id='word_1_257' title='bbox 816 3252 1015 3317; x_wconf 82' lang='lat' dir='ltr'>Latinarumque,</span> <span class='ocrx_word' id='word_1_258' title='bbox 1032 3254 1095 3304; x_wconf 79' lang='lat' dir='ltr'>Tor</span> <span class='ocrx_word' id='word_1_259' title='bbox 1112 3248 1203 3315; x_wconf 86' lang='lat' dir='ltr'>(Rob.)</span> <span class='ocrx_word' id='word_1_260' title='bbox 1231 3292 1262 3302; x_wconf 82' lang='grc'>.-</span> 
     </span>
     <span class='ocr_line' id='line_1_31' title="bbox 140 3317 1264 3385; baseline 0.002 -20"><span class='ocrx_word' id='word_1_261' title='bbox 140 3325 219 3381; x_wconf 77' lang='lat' dir='ltr'>oque,</span> <span class='ocrx_word' id='word_1_262' title='bbox 230 3319 262 3370; x_wconf 87' lang='lat' dir='ltr'>R.</span> <span class='ocrx_word' id='word_1_263' title='bbox 281 3336 345 3383; x_wconf 81' lang='lat' dir='ltr'>eque,</span> <span class='ocrx_word' id='word_1_264' title='bbox 358 3323 374 3371; x_wconf 89' lang='lat' dir='ltr'>d</span> <span class='ocrx_word' id='word_1_265' title='bbox 386 3319 477 3384; x_wconf 88' lang='lat' dir='ltr'>(Rob.)</span> <span class='ocrx_word' id='word_1_266' title='bbox 490 3362 522 3372; x_wconf 91' lang='lat'>..</span> <span class='ocrx_word' id='word_1_267' title='bbox 535 3322 641 3371; x_wconf 76' lang='lat' dir='ltr'>omnibus</span> <span class='ocrx_word' id='word_1_268' title='bbox 650 3317 782 3384; x_wconf 68' lang='lat' dir='ltr'>triumphes,</span> <span class='ocrx_word' id='word_1_269' title='bbox 790 3322 824 3372; x_wconf 90' lang='grc' dir='ltr'>Κ.</span> <span class='ocrx_word' id='word_1_270' title='bbox 837 3363 869 3373; x_wconf 76' lang='lat'><em>-</em></span> <span class='ocrx_word' id='word_1_271' title='bbox 884 3320 966 3371; x_wconf 84' lang='lat' dir='ltr'>laurea</span> <span class='ocrx_word' id='word_1_272' title='bbox 977 3321 1074 3385; x_wconf 83' lang='lat' dir='ltr'>maiore,</span> <span class='ocrx_word' id='word_1_273' title='bbox 1083 3322 1138 3372; x_wconf 80' lang='lat' dir='ltr'>Ro.</span> <span class='ocrx_word' id='word_1_274' title='bbox 1157 3319 1264 3369; x_wconf 80' lang='lat' dir='ltr'>lauream</span> 
     </span>
     <span class='ocr_line' id='line_1_32' title="bbox 140 3383 1264 3454; baseline 0.003 -21"><span class='ocrx_word' id='word_1_275' title='bbox 140 3383 225 3450; x_wconf 83' lang='lat' dir='ltr'>adepte</span> <span class='ocrx_word' id='word_1_276' title='bbox 236 3387 357 3448; x_wconf 85' lang='lat' dir='ltr'>maiorem,</span> <span class='ocrx_word' id='word_1_277' title='bbox 369 3391 435 3440; x_wconf 84' lang='lat' dir='ltr'>Rob.</span> <span class='ocrx_word' id='word_1_278' title='bbox 447 3384 499 3454; x_wconf 74' lang='grc' dir='ltr'>βγ.</span> <span class='ocrx_word' id='word_1_279' title='bbox 522 3387 607 3454; x_wconf 83' lang='lat' dir='ltr'>adepte</span> <span class='ocrx_word' id='word_1_280' title='bbox 620 3397 684 3438; x_wconf 78' lang='lat' dir='ltr'>tanto</span> <span class='ocrx_word' id='word_1_281' title='bbox 696 3388 817 3453; x_wconf 84' lang='lat' dir='ltr'>maiorem,</span> <span class='ocrx_word' id='word_1_282' title='bbox 829 3390 919 3440; x_wconf 84' lang='lat' dir='ltr'>Doleo.</span> <span class='ocrx_word' id='word_1_283' title='bbox 937 3391 1051 3453; x_wconf 87' lang='lat' dir='ltr'>Vulgata</span> <span class='ocrx_word' id='word_1_284' title='bbox 1063 3405 1121 3439; x_wconf 90' lang='lat' dir='ltr'>cum</span> <span class='ocrx_word' id='word_1_285' title='bbox 1133 3395 1218 3453; x_wconf 87' lang='lat' dir='ltr'>aperte</span> <span class='ocrx_word' id='word_1_286' title='bbox 1230 3389 1264 3437; x_wconf 82' lang='lat' dir='ltr'>sit</span> 
     </span>
     <span class='ocr_line' id='line_1_33' title="bbox 139 3453 1262 3522; baseline 0.002 -21"><span class='ocrx_word' id='word_1_287' title='bbox 139 3453 299 3516; x_wconf 87' lang='lat' dir='ltr'>interpolata,</span> <span class='ocrx_word' id='word_1_288' title='bbox 317 3460 349 3506; x_wconf 87' lang='lat' dir='ltr'>ad</span> <span class='ocrx_word' id='word_1_289' title='bbox 365 3459 480 3507; x_wconf 87' lang='lat' dir='ltr'>codicum</span> <span class='ocrx_word' id='word_1_290' title='bbox 497 3459 647 3522; x_wconf 85' lang='lat' dir='ltr'>scripturam</span> <span class='ocrx_word' id='word_1_291' title='bbox 659 3460 816 3508; x_wconf 87' lang='lat' dir='ltr'>redeundum</span> <span class='ocrx_word' id='word_1_292' title='bbox 828 3465 873 3518; x_wconf 88' lang='lat' dir='ltr'>est,</span> <span class='ocrx_word' id='word_1_293' title='bbox 891 3473 967 3522; x_wconf 88' lang='lat' dir='ltr'>quam</span> <span class='ocrx_word' id='word_1_294' title='bbox 979 3467 1065 3508; x_wconf 89' lang='lat' dir='ltr'>tamen</span> <span class='ocrx_word' id='word_1_295' title='bbox 1081 3458 1167 3508; x_wconf 72' lang='lat' dir='ltr'>dumus</span> <span class='ocrx_word' id='word_1_296' title='bbox 1183 3457 1262 3506; x_wconf 91' lang='lat' dir='ltr'>modo</span> 
     </span>
     <span class='ocr_line' id='line_1_34' title="bbox 141 3521 1265 3590; baseline 0.002 -23"><span class='ocrx_word' id='word_1_297' title='bbox 141 3521 264 3581; x_wconf 86' lang='lat' dir='ltr'>explicari</span> <span class='ocrx_word' id='word_1_298' title='bbox 275 3537 351 3585; x_wconf 88' lang='lat' dir='ltr'>posse</span> <span class='ocrx_word' id='word_1_299' title='bbox 362 3539 438 3573; x_wconf 91' lang='lat' dir='ltr'>nemo</span> <span class='ocrx_word' id='word_1_300' title='bbox 450 3541 502 3575; x_wconf 91' lang='lat' dir='ltr'>non</span> <span class='ocrx_word' id='word_1_301' title='bbox 514 3527 598 3576; x_wconf 84' lang='lat' dir='ltr'>sentit.</span> <span class='ocrx_word' id='word_1_302' title='bbox 616 3527 729 3590; x_wconf 84' lang='lat' dir='ltr'>Scripsit,</span> <span class='ocrx_word' id='word_1_303' title='bbox 741 3527 790 3576; x_wconf 90' lang='lat' dir='ltr'>nisi</span> <span class='ocrx_word' id='word_1_304' title='bbox 801 3525 886 3588; x_wconf 83' lang='lat' dir='ltr'>fallor,</span> <span class='ocrx_word' id='word_1_305' title='bbox 898 3527 1008 3576; x_wconf 80' lang='lat' dir='ltr'>Plinius:</span> <span class='ocrx_word' id='word_1_306' title='bbox 1022 3525 1106 3574; x_wconf 80' lang='lat' dir='ltr'>laureo</span> <span class='ocrx_word' id='word_1_307' title='bbox 1117 3522 1201 3583; x_wconf 85' lang='lat' dir='ltr'>maior,</span> <span class='ocrx_word' id='word_1_308' title='bbox 1214 3536 1265 3584; x_wconf 88' lang='lat' dir='ltr'>qua</span> 
     </span>
     <span class='ocr_line' id='line_1_35' title="bbox 142 3587 1055 3656; baseline 0.009 -25"><span class='ocrx_word' id='word_1_309' title='bbox 142 3587 286 3634; x_wconf 88' lang='lat' dir='ltr'>coniectura</span> <span class='ocrx_word' id='word_1_310' title='bbox 298 3591 408 3639; x_wconf 86' lang='lat' dir='ltr'>admissa</span> <span class='ocrx_word' id='word_1_311' title='bbox 419 3593 483 3640; x_wconf 89' lang='lat' dir='ltr'>haee</span> <span class='ocrx_word' id='word_1_312' title='bbox 494 3595 570 3642; x_wconf 85' lang='lat' dir='ltr'>verba</span> <span class='ocrx_word' id='word_1_313' title='bbox 583 3595 753 3656; x_wconf 86' lang='lat' dir='ltr'>superioribus</span> <span class='ocrx_word' id='word_1_314' title='bbox 766 3595 866 3656; x_wconf 76' lang='lat' dir='ltr'>egregio</span> <span class='ocrx_word' id='word_1_315' title='bbox 878 3601 1055 3642; x_wconf 83' lang='lat' dir='ltr'>annectuntur.</span> 
     </span>
    </p>

    <p class='ocr_par' dir='ltr' id='par_1_10' title="bbox 140 3650 1264 3848">
     <span class='ocr_line' id='line_1_36' title="bbox 175 3650 1264 3723; baseline -0.003 -22"><span class='ocrx_word' id='word_1_316' title='bbox 175 3653 191 3715; x_wconf 65' lang='grc' dir='ltr'><strong>ξ</strong></span> <span class='ocrx_word' id='word_1_317' title='bbox 205 3655 262 3701; x_wconf 87' lang='grc'><strong>118.</strong></span> <span class='ocrx_word' id='word_1_318' title='bbox 279 3650 389 3715; x_wconf 73' lang='lat' dir='ltr'>Reliquis</span> <span class='ocrx_word' id='word_1_319' title='bbox 398 3656 473 3705; x_wconf 82' lang='lat' dir='ltr'>animi</span> <span class='ocrx_word' id='word_1_320' title='bbox 483 3659 554 3718; x_wconf 74' lang='lat' dir='ltr'>boon,</span> <span class='ocrx_word' id='word_1_321' title='bbox 566 3661 652 3723; x_wconf 89' lang='lat' dir='ltr'>inepte</span> <span class='ocrx_word' id='word_1_322' title='bbox 662 3660 803 3709; x_wconf 86' lang='lat' dir='ltr'>retulerunt</span> <span class='ocrx_word' id='word_1_323' title='bbox 814 3663 846 3708; x_wconf 89' lang='lat' dir='ltr'>ad</span> <span class='ocrx_word' id='word_1_324' title='bbox 858 3661 987 3722; x_wconf 88' lang='lat' dir='ltr'>superiora</span> <span class='ocrx_word' id='word_1_325' title='bbox 997 3660 1077 3707; x_wconf 89' lang='lat' dir='ltr'>Hard.</span> <span class='ocrx_word' id='word_1_326' title='bbox 1090 3662 1116 3704; x_wconf 89' lang='lat' dir='ltr'>et</span> <span class='ocrx_word' id='word_1_327' title='bbox 1126 3669 1151 3719; x_wconf 74' lang='grc' dir='ltr'>γ.</span> <span class='ocrx_word' id='word_1_328' title='bbox 1170 3651 1264 3712; x_wconf 69' lang='lat' dir='ltr'>enimn,</span> 
     </span>
     <span class='ocr_line' id='line_1_37' title="bbox 140 3719 1263 3837; baseline -0.003 -67"><span class='ocrx_word' id='word_1_329' title='bbox 140 3720 174 3770; x_wconf 87' lang='grc' dir='ltr'>Κ.</span> <span class='ocrx_word' id='word_1_330' title='bbox 187 3719 378 3837; x_wconf 56' lang='lat' dir='ltr'>7lprqustitere</span> <span class='ocrx_word' id='word_1_331' title='bbox 394 3729 417 3769; x_wconf 87' lang='lat' dir='ltr'>et</span> <span class='ocrx_word' id='word_1_332' title='bbox 432 3729 531 3786; x_wconf 86' lang='lat' dir='ltr'>ceteros,</span> <span class='ocrx_word' id='word_1_333' title='bbox 546 3741 566 3773; x_wconf 91' lang='lat' dir='ltr'>r.</span> <span class='ocrx_word' id='word_1_334' title='bbox 594 3726 734 3788; x_wconf 77' lang='lat' dir='ltr'>praestitere</span> <span class='ocrx_word' id='word_1_335' title='bbox 750 3733 773 3772; x_wconf 86' lang='lat' dir='ltr'>et</span> <span class='ocrx_word' id='word_1_336' title='bbox 788 3724 856 3789; x_wconf 84' lang='lat' dir='ltr'>apud</span> <span class='ocrx_word' id='word_1_337' title='bbox 871 3732 969 3785; x_wconf 85' lang='lat' dir='ltr'>ceteros,</span> <span class='ocrx_word' id='word_1_338' title='bbox 986 3725 1020 3773; x_wconf 88' lang='lat' dir='ltr'>K.</span> <span class='ocrx_word' id='word_1_339' title='bbox 1047 3761 1079 3771; x_wconf 92' lang='lat'>..</span> <span class='ocrx_word' id='word_1_340' title='bbox 1102 3720 1171 3784; x_wconf 82' lang='lat' dir='ltr'>pati,</span> <span class='ocrx_word' id='word_1_341' title='bbox 1188 3721 1212 3768; x_wconf 89' lang='lat' dir='ltr'>d.</span> <span class='ocrx_word' id='word_1_342' title='bbox 1231 3758 1263 3768; x_wconf 92' lang='lat'>..</span> 
     </span>
     <span class='ocr_line' id='line_1_38' title="bbox 141 3802 312 3848; baseline 0 -13"><span class='ocrx_word' id='word_1_343' title='bbox 141 3802 219 3836; x_wconf 80' lang='lat' dir='ltr'>corten</span> <span class='ocrx_word' id='word_1_344' title='bbox 229 3802 246 3848; x_wconf 81' lang='lat' dir='ltr'>r,</span> <span class='ocrx_word' id='word_1_345' title='bbox 305 3823 312 3835; x_wconf 90' lang='lat'><strong>.</strong></span> 
     </span>
    </p>

    <p class='ocr_par' dir='ltr' id='par_1_11' title="bbox 141 3851 1266 4108">
     <span class='ocr_line' id='line_1_39' title="bbox 175 3851 1266 3922; baseline 0.001 -20"><span class='ocrx_word' id='word_1_346' title='bbox 175 3857 191 3919; x_wconf 65' lang='grc' dir='ltr'><strong>ξ</strong></span> <span class='ocrx_word' id='word_1_347' title='bbox 205 3859 261 3904; x_wconf 78' lang='grc'><strong>119.</strong></span> <span class='ocrx_word' id='word_1_348' title='bbox 280 3851 401 3916; x_wconf 81' lang='lat' dir='ltr'>dederant,</span> <span class='ocrx_word' id='word_1_349' title='bbox 415 3856 431 3904; x_wconf 91' lang='lat' dir='ltr'>d</span> <span class='ocrx_word' id='word_1_350' title='bbox 443 3852 535 3919; x_wconf 87' lang='lat' dir='ltr'>(Rob.)</span> <span class='ocrx_word' id='word_1_351' title='bbox 554 3896 586 3906; x_wconf 89' lang='lat'>..</span> <span class='ocrx_word' id='word_1_352' title='bbox 599 3865 738 3922; x_wconf 80' lang='lat' dir='ltr'>praecepto,</span> <span class='ocrx_word' id='word_1_353' title='bbox 749 3859 804 3907; x_wconf 89' lang='lat' dir='ltr'>Rd.</span> <span class='ocrx_word' id='word_1_354' title='bbox 823 3856 871 3904; x_wconf 82' lang='lat' dir='ltr'>trio</span> <span class='ocrx_word' id='word_1_355' title='bbox 884 3863 1023 3919; x_wconf 82' lang='lat' dir='ltr'>praecepto,</span> <span class='ocrx_word' id='word_1_356' title='bbox 1040 3856 1106 3907; x_wconf 89' lang='lat' dir='ltr'>Rob.</span> <span class='ocrx_word' id='word_1_357' title='bbox 1122 3851 1173 3919; x_wconf 74' lang='grc' dir='ltr'>βγ.</span> <span class='ocrx_word' id='word_1_358' title='bbox 1192 3894 1224 3905; x_wconf 89' lang='lat'>..</span> <span class='ocrx_word' id='word_1_359' title='bbox 1242 3863 1266 3904; x_wconf 89' lang='lat' dir='ltr'>et</span> 
     </span>
     <span class='ocr_line' id='line_1_40' title="bbox 141 3920 1264 3988; baseline 0.002 -17"><span class='ocrx_word' id='word_1_360' title='bbox 141 3920 202 3971; x_wconf 79' lang='lat' dir='ltr'>nihil</span> <span class='ocrx_word' id='word_1_361' title='bbox 217 3921 288 3972; x_wconf 80' lang='lat' dir='ltr'>nimie</span> <span class='ocrx_word' id='word_1_362' title='bbox 303 3923 398 3973; x_wconf 88' lang='lat' dir='ltr'>omisso</span> <span class='ocrx_word' id='word_1_363' title='bbox 415 3938 507 3988; x_wconf 82' lang='lat' dir='ltr'>cupere,</span> <span class='ocrx_word' id='word_1_364' title='bbox 523 3924 592 3974; x_wconf 88' lang='lat' dir='ltr'>Pint.</span> <span class='ocrx_word' id='word_1_365' title='bbox 623 3964 655 3974; x_wconf 91' lang='lat'>..</span> <span class='ocrx_word' id='word_1_366' title='bbox 685 3923 813 3985; x_wconf 72' lang='lat' dir='ltr'>misniam,</span> <span class='ocrx_word' id='word_1_367' title='bbox 830 3923 877 3974; x_wconf 85' lang='lat' dir='ltr'>Rd</span> <span class='ocrx_word' id='word_1_368' title='bbox 894 3920 1011 3985; x_wconf 86' lang='lat' dir='ltr'>(Barbari</span> <span class='ocrx_word' id='word_1_369' title='bbox 1023 3926 1105 3987; x_wconf 79' lang='lat' dir='ltr'>codd,</span> <span class='ocrx_word' id='word_1_370' title='bbox 1123 3921 1203 3986; x_wconf 86' lang='lat' dir='ltr'>Rob.)</span> <span class='ocrx_word' id='word_1_371' title='bbox 1221 3924 1264 3973; x_wconf 82' lang='lat' dir='ltr'>mi-</span> 
     </span>
     <span class='ocr_line' id='line_1_41' title="bbox 141 3983 1263 4106; baseline 0.004 -69"><span class='ocrx_word' id='word_1_372' title='bbox 141 4005 225 4051; x_wconf 83' lang='lat' dir='ltr'>seram,</span> <span class='ocrx_word' id='word_1_373' title='bbox 241 3983 270 4106; x_wconf 63' lang='lat' dir='ltr'>(ll.</span> <span class='ocrx_word' id='word_1_374' title='bbox 287 3990 440 4055; x_wconf 79' lang='lat' dir='ltr'>sponsionem,</span> <span class='ocrx_word' id='word_1_375' title='bbox 453 3992 486 4041; x_wconf 88' lang='lat' dir='ltr'>K.</span> <span class='ocrx_word' id='word_1_376' title='bbox 503 3991 654 4055; x_wconf 80' lang='lat' dir='ltr'>comitemque</span> <span class='ocrx_word' id='word_1_377' title='bbox 664 3989 796 4055; x_wconf 79' lang='lat' dir='ltr'>eponn&#39;onis</span> <span class='ocrx_word' id='word_1_378' title='bbox 807 4006 857 4040; x_wconf 84' lang='lat' dir='ltr'>esse</span> <span class='ocrx_word' id='word_1_379' title='bbox 867 3991 993 4056; x_wconf 68' lang='lat' dir='ltr'>maenam,</span> <span class='ocrx_word' id='word_1_380' title='bbox 1004 3993 1072 4044; x_wconf 87' lang='lat' dir='ltr'>Pint.</span> <span class='ocrx_word' id='word_1_381' title='bbox 1084 4026 1115 4044; x_wconf 89' lang='lat'>.-.</span> <span class='ocrx_word' id='word_1_382' title='bbox 1129 3991 1197 4054; x_wconf 80' lang='lat' dir='ltr'>coeli,</span> <span class='ocrx_word' id='word_1_383' title='bbox 1209 3992 1263 4042; x_wconf 84' lang='lat' dir='ltr'>Td.</span> 
     </span>
     <span class='ocr_line' id='line_1_42' title="bbox 142 4057 400 4108; baseline 0.012 -3"><span class='ocrx_word' id='word_1_384' title='bbox 142 4097 170 4106; x_wconf 87' lang='grc'>..</span> <span class='ocrx_word' id='word_1_385' title='bbox 192 4057 349 4107; x_wconf 81' lang='lat' dir='ltr'>notiissimae</span> <span class='ocrx_word' id='word_1_386' title='bbox 368 4059 400 4108; x_wconf 82' lang='lat' dir='ltr'>K.</span> 
     </span>
    </p>

    <p class='ocr_par' dir='ltr' id='par_1_12' title="bbox 143 4096 1263 4315">
     <span class='ocr_line' id='line_1_43' title="bbox 176 4096 1263 4193; baseline 0.001 -19"><span class='ocrx_word' id='word_1_387' title='bbox 176 4122 191 4184; x_wconf 83' lang='lat'>§</span> <span class='ocrx_word' id='word_1_388' title='bbox 206 4131 262 4176; x_wconf 78' lang='lat'>120.</span> <span class='ocrx_word' id='word_1_389' title='bbox 280 4096 401 4189; x_wconf 60' lang='lat' dir='ltr'>adiudam,</span> <span class='ocrx_word' id='word_1_390' title='bbox 412 4145 426 4177; x_wconf 89' lang='lat' dir='ltr'>r</span> <span class='ocrx_word' id='word_1_391' title='bbox 437 4126 528 4191; x_wconf 83' lang='lat' dir='ltr'>(Rob.)</span> <span class='ocrx_word' id='word_1_392' title='bbox 547 4168 578 4178; x_wconf 92' lang='grc'>...</span> <span class='ocrx_word' id='word_1_393' title='bbox 596 4143 687 4176; x_wconf 80' lang='lat' dir='ltr'>summo</span> <span class='ocrx_word' id='word_1_394' title='bbox 699 4125 723 4175; x_wconf 84' lang='lat' dir='ltr'>ei</span> <span class='ocrx_word' id='word_1_395' title='bbox 733 4125 757 4174; x_wconf 84' lang='lat' dir='ltr'>in</span> <span class='ocrx_word' id='word_1_396' title='bbox 765 4127 857 4191; x_wconf 83' lang='lat' dir='ltr'>patrio,</span> <span class='ocrx_word' id='word_1_397' title='bbox 870 4128 906 4178; x_wconf 86' lang='lat' dir='ltr'>R¹</span> <span class='ocrx_word' id='word_1_398' title='bbox 918 4123 1011 4191; x_wconf 85' lang='lat' dir='ltr'>(Rob.)</span> <span class='ocrx_word' id='word_1_399' title='bbox 1029 4145 1074 4178; x_wconf 81' lang='lat' dir='ltr'>sno</span> <span class='ocrx_word' id='word_1_400' title='bbox 1085 4130 1108 4178; x_wconf 78' lang='lat' dir='ltr'>ei</span> <span class='ocrx_word' id='word_1_401' title='bbox 1115 4128 1206 4193; x_wconf 81' lang='lat' dir='ltr'>patrio,</span> <span class='ocrx_word' id='word_1_402' title='bbox 1218 4127 1263 4176; x_wconf 67' lang='lat' dir='ltr'>Re</span> 
     </span>
     <span class='ocr_line' id='line_1_44' title="bbox 143 4194 1263 4315; baseline 0.002 -73"><span class='ocrx_word' id='word_1_403' title='bbox 143 4206 234 4307; x_wconf 49' lang='lat' dir='ltr'>gammo</span> <span class='ocrx_word' id='word_1_404' title='bbox 245 4202 374 4315; x_wconf 47' lang='lat' dir='ltr'>egenen,</span> <span class='ocrx_word' id='word_1_405' title='bbox 388 4197 424 4246; x_wconf 73' lang='lat'>(1¹.</span> <span class='ocrx_word' id='word_1_406' title='bbox 443 4211 535 4246; x_wconf 81' lang='lat' dir='ltr'>sommo</span> <span class='ocrx_word' id='word_1_407' title='bbox 544 4195 662 4261; x_wconf 79' lang='lat' dir='ltr'>compoti,</span> <span class='ocrx_word' id='word_1_408' title='bbox 675 4197 712 4246; x_wconf 70' lang='lat' dir='ltr'>d2.</span> <span class='ocrx_word' id='word_1_409' title='bbox 731 4235 754 4244; x_wconf 87' lang='lat'>-</span> <span class='ocrx_word' id='word_1_410' title='bbox 769 4195 1037 4260; x_wconf 65' lang='lat' dir='ltr'>amandatos.)</span> <span class='ocrx_word' id='word_1_411' title='bbox 1059 4194 1183 4258; x_wconf 72' lang='lat' dir='ltr'>florens,</span> <span class='ocrx_word' id='word_1_412' title='bbox 1197 4195 1263 4245; x_wconf 79' lang='lat' dir='ltr'>Har-</span> 
     </span>
    </p>

    <p class='ocr_par' dir='ltr' id='par_1_13' title="bbox 160 4272 344 4326">
     <span class='ocr_line' id='line_1_45' title="bbox 160 4272 344 4326; baseline 0.027 -19"><span class='ocrx_word' id='word_1_413' title='bbox 160 4272 213 4309; x_wconf 83' lang='lat' dir='ltr'>urm</span> <span class='ocrx_word' id='word_1_414' title='bbox 225 4275 256 4312; x_wconf 86' lang='lat' dir='ltr'>co</span> <span class='ocrx_word' id='word_1_415' title='bbox 293 4297 307 4324; x_wconf 92' lang='lat'>.,</span> <span class='ocrx_word' id='word_1_416' title='bbox 319 4276 344 4326; x_wconf 74' lang='grc' dir='ltr'>γ.</span> 
     </span>
    </p>
   </div>
   <div class='ocr_carea' id='block_1_5' title="bbox 0 0 1457 4800">
    <p class='ocr_par' dir='ltr' id='par_1_14' title="bbox 0 0 1457 4800">
     <span class='ocr_line' id='line_1_46' title="bbox 0 0 1457 4800; baseline 0 0"><span class='ocrx_word' id='word_1_417' title='bbox 0 0 1457 4800; x_wconf 95' lang='lat' dir='ltr'> </span> 
     </span>
    </p>
   </div>
  </div>
 </body>
</html>
