2896 4800
192 311 232 374 16
275 378 288 405 ὑ
544 320 747 370 sermm
768 319 964 370 merosum

191 478 278 545 mani
302 475 439 565 pedibus
466 473 611 562 genitum
639 472 750 539 scribit
770 494 887 559 parens
915 473 985 538 eius
1006 472 1200 561 Agrippina.
1234 474 1313 543 Ritu

190 591 324 648 naturae
345 576 505 644 hominem
527 575 633 661 capite
654 573 747 662 gigni
767 596 837 641 mos
860 584 918 652 est,
941 573 1080 661 pedibus
1101 575 1219 641 efferri:

127 752 132 768 ⁴
232 680 297 747 IX.
321 683 350 745 t.
383 675 596 763 Auspicatius
611 687 725 742 enecta
745 685 878 761 parente
892 675 1081 763 gignuntur,
1104 676 1188 741 sicut
1203 674 1312 765 Scipio
1325 695 1357 743 47

62 858 77 867 .<
189 783 364 858 Africanus
391 779 481 865 prior
508 788 607 844 natus·
629 777 818 863 primusque
840 774 1016 842 Caesarum
1045 799 1065 840 a
1087 798 1181 843 caeso
1202 781 1312 845 matris

188 893 280 949 utero
305 881 421 958 dictus,
452 879 583 964 quade
609 900 707 945 causa
742 889 776 944 et
805 875 973 945 Caesones
1000 878 1164 965 appellati.
1203 876 1311 946 Simili

187 983 282 1050 modo
318 991 415 1048 natus
455 991 489 1047 et
519 977 675 1046 Manilius
707 979 762 1065 qui
796 975 1027 1068 Carthaginem
1060 1001 1135 1046 cum
1166 982 1310 1051 exercitu

186 1083 330 1150 intravit

228 1184 277 1250 X.
299 1187 329 1252 8.
361 1183 521 1270 Vopiscos
547 1182 752 1270 appellabant
780 1207 799 1251 e
825 1185 964 1274 geminis
991 1185 1047 1272 qui
1073 1186 1191 1253 retenti
1216 1196 1308 1252 utero

185 1295 406 1365 nascerentur,
428 1286 528 1351 altero
548 1285 739 1372 interempto
761 1286 892 1362 abortu3
922 1308 1060 1371 namque
1073 1309 1225 1362 maxuma
1246 1287 1308 1354 etsi

186 1410 259 1454 rara
279 1387 364 1455 circa
383 1386 446 1452 hoc
467 1385 622 1451 miracula
643 1385 811 1451 exsistunt.

228 1488 294 1554 XI.
317 1490 347 1555 9.
383 1487 519 1553 Praeter
545 1486 712 1552 mulierem
736 1508 841 1573 pauca
866 1486 1016 1554 animalia
1043 1487 1162 1554 coitum
1187 1509 1306 1556 novere
1319 1505 1352 1550 ts

185 1590 329 1681 gravida,
351 1610 453 1654 unum
474 1586 604 1672 quidem
624 1586 754 1653 omnino
779 1597 837 1653 aut
861 1588 997 1654 alterum
1017 1589 1205 1676 superlatet
1235 1588 1305 1653 Ex-

186 1703 251 1758 stat
274 1692 310 1756 in
336 1689 539 1756 monimentis
561 1698 595 1754 et
614 1688 813 1757 medicorum
839 1699 872 1755 et
893 1688 1011 1774 quibus
1032 1689 1109 1756 talia
1129 1691 1306 1757 consectari

185 1813 281 1858 curae
301 1790 372 1870 fuit,
401 1812 476 1858 uno.
488 1788 603 1855 abortu
624 1789 794 1855 duodecim
815 1791 989 1877 puerperia
1009 1804 1130 1879 egesta.
1160 1790 1228 1858 Sed
1248 1790 1306 1857 ubi

184 1893 350 1980 paululum
376 1889 531 1977 temporis
551 1891 636 1955 inter
658 1890 739 1977 duos
761 1902 936 1974 conceptus
956 1891 1147 1970 intercessit,
1179 1902 1304 1958 utrum-

185 2016 249 2079 que
270 1995 444 2081 perfertur3
466 2001 505 2057 ut
524 1990 560 2055 in
580 1989 725 2057 Hercule
747 2001 781 2057 et
800 1991 925 2079 Iphicle
944 1980 1044 2059 fratre
1065 1994 1135 2059 eius
1156 1993 1305 2080 adparuit
1317 2007 1350 2054 46

184 2105 218 2163 et
236 2095 273 2160 in
294 2117 333 2159 ea
353 2116 436 2179 quae
457 2093 585 2181 gemino
607 2103 703 2177 partu
724 2093 859 2158 alterum
873 2094 989 2158 marito
1004 2095 1139 2159 similem
1152 2094 1303 2159 alterum-

183 2218 247 2282 que
268 2197 412 2262 adultero
433 2193 557 2281 genuit,
580 2194 659 2260 item
679 2193 714 2258 in
735 2193 955 2259 Proconnesia
976 2194 1090 2260 ancilla
1111 2217 1194 2278 quae
1216 2195 1302 2261 eius-

183 2299 258 2366 dem
279 2298 343 2363 diei
365 2296 452 2362 coitu
473 2295 608 2360 alterum
630 2295 758 2360 domino
782 2295 928 2373 similem,
951 2297 1086 2360 alterum
1106 2298 1304 2381 procuratori

184 2398 266 2476 eius,
288 2406 322 2461 et
342 2397 376 2460 in
397 2394 460 2461 alia
480 2416 562 2477 quae
583 2416 684 2459 unum
704 2396 790 2460 iusto
810 2407 918 2481 partu,
941 2395 1082 2481 quinque
1096 2419 1242 2463 mensum
1256 2399 1302 2464 al-

184 2508 290 2563 terum
304 2495 416 2574 edidit,
430 2516 543 2560 rursus
556 2495 592 2559 in
605 2494 668 2559 alia
690 2516 784 2579 quae,
800 2506 925 2582 septem
939 2519 1086 2564 mensum
1102 2496 1189 2563 edito
1202 2520 1301 2584 puer·

184 2596 286 2686 perio,
306 2596 460 2664 insecutis
480 2594 645 2663 mensibus
666 2595 812 2684 geminos
833 2597 929 2664 enixa
951 2606 1010 2665 est

160 2843 162 2846 >
218 2806 233 2870 5
245 2810 286 2856 46.
303 2803 385 2855 scatit
391 2823 481 2872 paratu
492 2805 548 2870 eius,
559 2807 605 2858 Rd
617 2805 708 2870 (nou.)
722 2823 813 2872 parens
824 2807 873 2857 eius
883 2805 972 2871 6666561,
983 2804 1035 2874 fir.
1047 2848 1079 2858 ..
1092 2805 1205 2857 homiaem
1216 2805 1301 2871 cupite,

176 2872 209 2922 tt
220 2868 313 2935 (Rob.)
334 2872 450 2923 hominum
462 2875 539 2939 capite
550 2873 672 2937 hominm,
684 2877 737 2926 Tc.
759 2874 838 2939 capite
849 2874 969 2939 1666666666,
980 2872 1031 2942 βγ.
1053 2875 1127 2926 Ritus
1138 2883 1247 2937 aatmce,
1259 2889 1300 2923 66-

180 2937 232 3002 pite
243 2937 356 2989 hominen
366 2940 447 3006 pipat·
459 2958 508 2991 moa
519 2939 670 3006 est,.pedtlus
680 2942 770 3005 qferri,
781 2943 861 2993 Hand.
920 2965 924 2972 ·

217 3008 232 3071 §
245 3009 286 3058 47.
304 3013 435 3071 666616,11.
452 3009 576 3074 auspicum
587 3017 687 3070 senecta,
700 3013 724 3059 d.
742 3018 847 3071 6666666,
858 3027 871 3060 r
883 3008 961 3072 (nob.
973 3018 1000 3063 et
1011 3014 1084 3064 codd
1096 3011 1204 3064 Salmas.
1217 3023 1299 3058 exerc.

182 3089 207 3138 p.
220 3081 261 3125 88.
273 3077 298 3126 1).
308 3074 356 3140 D.)
377 3084 466 3139 666666,
477 3078 547 3127 Pint
559 3085 585 3127 et
595 3077 752 3127 Freinshem.
764 3080 797 3128 ad
808 3079 923 3129 monn
934 3084 974 3131 15.
992 3088 1108 3141 enecata,
1120 3079 1227 3130 Salmas.
1239 3078 1300 3126 Vid.

182 3142 264 3192 Solin.
276 3148 299 3205 1,
313 3151 352 3195 68.
365 3148 398 3195 .’.
409 3145 451 3207 sic,
463 3145 571 3197 Salmas.
580 3146 607 3194 d.
618 3185 650 3195 ..
659 3144 809 3208 primamque
823 3141 956 3210 Cumarum,
968 3150 992 3198 6.
1006 3188 1038 3198 ..
1051 3149 1300 3206 obscenam-aterna,

181 3209 249 3258 Rob.
267 3251 299 3258 -
317 3210 412 3273 dictum,
428 3215 452 3262 6.
471 3253 503 3262 -
521 3227 618 3273 cesam,
634 3214 659 3262 d.
680 3213 742 3263 Vid.
757 3213 846 3263 Isidor.
864 3215 944 3278 origg.
959 3217 1008 3266 IX.
1026 3222 1050 3276 8,
1064 3220 1104 3264 12.
1120 3253 1153 3263 ..
1172 3211 1299 3271 Manilius,

182 3275 237 3326 Rd.
254 3276 372 3339 Manlius,
380 3280 494 3340 uarum,
503 3281 571 3330 Rob.
582 3275 611 3340 β.
629 3276 765 3341 Mancinus,
774 3282 890 3331 Freinsh.
901 3322 930 3332 ...
943 3281 1173 3346 Vopucam-anam
1183 3294 1202 3338 e,
1211 3295 1231 3326 r.
1250 3277 1299 3327 Ce-

182 3351 297 3393 terumv.
307 3354 394 3395 auctor
402 3341 519 3407 (Verrius
527 3344 647 3409 Flaccus)
656 3348 687 3396 de
695 3349 866 3411 praenomine,
874 3365 899 3414 p.
909 3355 967 3400 496.
976 3353 1015 3400 ed
1023 3349 1092 3411 Bip,
1101 3346 1213 3396 etSolin.
1224 3351 1247 3405 l,
1258 3350 1299 3394 68.

183 3450 216 3459 ..
229 3409 392 3475 appellitant,
402 3414 450 3463 Rr.
468 3411 599 3476 appellant,
610 3415 663 3464 Td.
676 3454 708 3464 ..
721 3416 814 3477 recenti,
826 3418 859 3468 Κ.
872 3457 905 3466 ..
917 3423 1058 3476 mesraim,
1067 3431 1087 3463 r.
1105 3420 1206 3462 retentas
1217 3427 1299 3460 nasce·

182 3484 255 3540 retur,
266 3479 355 3529 Dalec
373 3520 405 3530 -
422 3481 473 3542 etsi,
485 3481 568 3531 RTd.
585 3488 615 3542 et,
626 3477 656 3542 β.
673 3522 706 3531 ..
723 3481 788 3544 haee,
800 3488 825 3534 d.
843 3525 875 3535 ..
893 3482 1008 3547 exempla,
1020 3482 1128 3534 Salmas.
1141 3480 1244 3529 olibrio.

215 3548 284 3611 548.
302 3546 405 3597 Praeter
419 3547 547 3610 mutierem,
564 3563 613 3600 om.
628 3550 665 3598 61.
686 3549 747 3599 Vid.
758 3551 892 3602 Aristotel.
904 3551 964 3602 hist.
976 3550 1053 3600 anim.
1068 3551 1091 3610 7,
1108 3552 1132 3597 4.
1148 3563 1174 3612 p.
1193 3550 1262 3595 585⁸
1274 3553 1298 3597 3.

181 3654 215 3664 ...
226 3613 328 3678 quiden,
340 3617 364 3666 d.
382 3617 479 3680 quique,
491 3618 523 3666 Β.
536 3656 569 3665 ..
586 3622 616 3678 et,
627 3615 652 3666 R
663 3613 757 3680 (Rob.)
774 3619 853 3680 etiam,
864 3616 914 3683 βγ.
933 3618 991 3669 Om.
1003 3620 1026 3668 d.
1040 3658 1072 3667 -
1090 3613 1220 3675 duodecim,
1230 3615 1297 3664 Bud.
1382 3664 1392 3673 ‚

181 3684 213 3732 de
224 3698 287 3745 usse,
302 3700 328 3748 p.
345 3687 402 3736 276.
415 3699 448 3735 ex
458 3684 589 3735 Aristotel.
600 3684 660 3734 hist
677 3686 754 3734 anim.
768 3689 791 3747 7,
803 3693 827 3739 4.
838 3703 864 3752 p.
877 3692 947 3737 585α
961 3692 1000 3736 11.
1028 3683 1074 3734 duc
1090 3682 1155 3745 dicit,
1170 3684 1217 3733 Rd
1228 3679 1298 3743 (666.

180 3753 363 3803 vetustissimus
379 3749 459 3815 Bnd.)
482 3752 535 3814 duc,
552 3753 644 3817 reliqui
655 3754 727 3802 codd.
738 3753 805 3804 Bnd
825 3796 857 3804 -
875 3752 940 3816 duos,
951 3757 983 3806 Β.
1001 3748 1056 3812 duo,
1068 3754 1131 3802 Tdr
1147 3749 1215 3812 (cod.
1233 3751 1298 3798 anti-

182 3817 316 3878 quissimus
331 3834 372 3883 ap.
391 3821 505 3872 Oudend.
523 3823 557 3871 ad
574 3820 644 3871 Suet
660 3819 750 3871 Claud.
771 3819 824 3884 14.)
842 3864 874 3872 ..
892 3831 1021 3885 atrumque,
1032 3812 1131 3870 Rde
1143 3816 1229 3881 (codd.
1242 3817 1298 3866 Sal·

181 3897 245 3931 mas.
262 3898 343 3933 exerc.
358 3901 383 3948 p.
401 3892 441 3936 11.
457 3886 542 3951 arB.)
563 3896 667 3951 aterque,
684 3888 758 3937 6666.
776 3886 844 3950 (iel,
854 3891 920 3939 Rob.
936 3885 965 3950 β.
984 3929 1016 3936 -
1031 3887 1162 3951 perfertur,
1174 3887 1198 3936 R
1210 3882 1298 3946 (6666.

183 3949 240 3999 (161.
256 3957 282 3999 et
291 3952 458 4014 antiquissimi
468 3956 604 4006 Leidenses
615 3973 657 4020 ap.
668 3956 783 4006 Oudend.
795 3960 828 4006 ad
838 3957 935 4020 Appul.
947 3963 1048 4005 metam.
1065 3971 1091 4019 p.
1103 3952 1175 4017 398.)
1193 3952 1298 4019 psertur,

182 4018 206 4065 6.
221 4017 349 4079 perfectus,
361 4019 434 4069 codd.
447 4019 554 4072 Salmas.
573 4031 607 4070 est
614 4024 742 4086 perfectus,
753 4040 767 4072 r
778 4021 869 4086 (Rob.)

216 4085 284 4146 §ea
305 4083 405 4149 Iphicle,
422 4087 468 4137 Rd
480 4083 565 4148 (codd.
577 4089 699 4154 Salmas.)
719 4089 821 4153 Iphiclo,
835 4086 863 4151 β.
885 4090 946 4138 Vid.
957 4089 1090 4140 ArIstotel.
1106 4091 1125 4139 l.
1143 4090 1161 4138 l.
1176 4093 1245 4138 585ι
1258 4091 1299 4136 14.

182 4158 208 4199 et
216 4149 295 4202 Solin.
309 4159 331 4215 1,
342 4161 382 4205 60.
395 4195 427 4204 -
439 4155 627 4219 apparueritR.
640 4196 669 4206 ..
683 4148 951 4220 6666666666119116.
963 4153 1109 4219 alterum,ss.
1120 4155 1298 4206 VidAristot.
1342 4201 1345 4205 ,

180 4217 228 4266 11.
240 4233 265 4282 p.
279 4225 348 4270 585⁸
366 4227 408 4273 15.
423 4229 449 4273 et
459 4221 540 4273 Solin.
558 4229 582 4286 l,
598 4229 639 4273 61.
657 4263 690 4274 ..
707 4222 760 4272 alia
775 4239 845 4287 quae,
859 4224 905 4274 Rd
918 4221 1010 4286 (Rob.)
1023 4225 1125 4288 vcelioque
1136 4239 1205 4287 quae,
1217 4217 1246 4272 θ.
1266 4261 1298 4270 .-

181 4300 259 4350 unnm,
275 4287 342 4341 Rob.
360 4289 449 4343 omitt
460 4285 568 4342 Beue.
585 4289 635 4342 Eat
648 4289 702 4341 alia
716 4307 778 4355 quae
793 4289 898 4356 persicos
914 4291 984 4357 iautc,
999 4294 1067 4344 Pint.
1086 4332 1118 4342 ..
1136 4304 1247 4354 mem,
1263 4289 1299 4339 ita
