2896 4800
197 241 263 306 458
552 254 758 302 susurnam
779 253 975 302 maronam

201 407 317 492 Syriae
329 405 491 471 Damasco
513 407 746 494 cognominata,
768 407 833 472 iam
848 407 974 491 pridem
991 405 1027 469 in
1040 403 1134 469 ltalia
1146 405 1328 484 nascentia,

199 508 374 598 grandiore
394 517 588 593 quamquam
608 510 697 596 ligno
720 519 754 574 et
775 508 908 574 exiliore
930 530 1026 573 carne
1045 529 1107 573 nee
1122 528 1278 592 umquam
1292 507 1328 572 in

87 680 92 687 ,
199 633 297 699 rugas
319 610 447 688 siccata,
470 610 622 695 quoniam
644 610 726 676 soles
748 609 799 675 sui
820 610 945 675 desunt.
975 606 1080 675 Simul
1101 608 1165 675 dici
1185 619 1329 694 possunt

166 747 175 756 ν
199 712 370 800 populares
391 735 502 778 eorum
523 735 652 798 myxas,
664 762 667 768 ,
679 734 762 797 quae
785 723 817 778 et
835 712 927 798 ipsae
948 734 1035 778 nunc
1056 722 1234 796 coeperunt
1254 710 1327 777 Ro·

199 837 272 880 mae
293 815 383 879 nasci
405 815 520 880 insitae
542 813 656 880 sorbis.

245 917 296 981 13.
317 916 358 982 ln
381 928 482 982 totum
505 917 635 1000 quidem
647 916 783 982 Persica
802 915 976 1003 peregrina
989 915 1087 982 etiam
1100 914 1201 980 Asiae
1216 911 1327 980 Grae-
1340 931 1370 975 44

200 1017 333 1102 ciaeque
356 1040 429 1084 esse
451 1041 493 1084 ex
513 1018 640 1084 nomine
661 1018 735 1103 ipso
756 1018 901 1104 adparet,
924 1026 1020 1102 atque
1043 1040 1084 1083 ex
1105 1015 1244 1082 Perside
1265 1015 1328 1080 ad·

200 1131 302 1185 vecta.
340 1117 410 1184 Sed
434 1142 540 1204 prima
567 1119 727 1186 silvestria
755 1119 875 1204 ubique
902 1120 991 1189 nasci
1018 1129 1140 1184 certum
1166 1128 1231 1195 est,
1260 1136 1329 1200 quo

200 1220 305 1309 magis
326 1221 424 1287 miror
445 1219 540 1287 huius
569 1221 658 1306 pomi
683 1221 877 1287 mentionem
898 1245 919 1286 a
941 1217 1065 1286 Catone
1085 1241 1152 1284 non
1170 1217 1328 1296 habitam,

200 1324 388 1408 praesertim
411 1345 485 1387 cum
505 1322 672 1388 condenda
686 1323 921 1389 demonstraret
935 1322 1093 1406 quaedam
1107 1331 1141 1386 et
1155 1320 1327 1388 silvestria.

200 1421 285 1488 Nam
305 1422 457 1489 Persicae
484 1424 616 1489 arbores
638 1446 711 1490 sero
733 1436 859 1491 etcum
886 1424 1074 1490 difficultate
1095 1424 1263 1501 transiere,
1289 1433 1371 1488 uto

201 1546 285 1608 quae
306 1523 340 1588 in
354 1523 469 1589 Rhodo
490 1525 570 1588 nihil
591 1526 707 1602 lerant,
730 1526 816 1609 quod
837 1527 977 1612 primum
991 1524 1032 1589 ab
1046 1523 1201 1610 Aegypto
1215 1546 1329 1589 earum

201 1627 305 1690 iuerat
324 1623 509 1710 hospitium.
531 1624 665 1691 Falsum
685 1636 736 1691 est
756 1636 913 1692 venenata
935 1649 1009 1692 cum
1029 1627 1173 1692 cruciatu
1193 1626 1229 1690 in
1243 1623 1327 1691 Per·

200 1724 247 1793 sis
275 1724 367 1813 gigni
391 1737 424 1790 et
449 1749 626 1815 paenarum
652 1750 750 1793 causa
776 1751 796 1793 a
823 1727 958 1816 regibus
980 1728 1133 1793 translata
1153 1726 1189 1791 in
1208 1726 1328 1814 Aegy-

201 1837 304 1914 ptum,
332 1837 417 1893 terra
442 1828 591 1918 mitigata
598 1853 608 1906 ;
634 1829 670 1894 id
696 1829 782 1894 enim
810 1829 851 1894 de
880 1852 996 1916 persea
1017 1828 1237 1915 diligentiores
1259 1837 1328 1892 tra·

203 1929 294 2008 dunt,
323 1930 467 2015 quaein
494 1940 596 1996 totum
623 1929 686 1995 alia
706 1941 757 1995 est
777 1930 885 2016 myxis
911 1929 1102 1996 rubentibus
1130 1928 1243 1994 similis
1265 1949 1328 1993 nec

202 2041 295 2095 extra
315 2032 470 2096 orientem
491 2031 582 2097 nasci
603 2031 712 2097 voluit.
749 2030 834 2096 Eam
856 2052 983 2115 quoque
1010 2030 1201 2096 eruditiores
1222 2051 1326 2117 nega-
1340 2044 1373 2090 ts

202 2144 318 2199 verrmt
339 2156 380 2200 ex
393 2133 529 2199 Perside
550 2143 682 2220 propter
702 2133 861 2220 supplicia
881 2133 1066 2198 translatam
1089 2132 1147 2197 sed
1168 2130 1328 2197 aPerseo

202 2233 350 2321 Memphi
373 2247 492 2314 satam,
522 2246 555 2302 et
576 2235 617 2301 ob
639 2235 674 2300 id
693 2235 918 2301 Alexandrum
944 2235 999 2299 illa
1020 2233 1165 2301 coronari
1186 2232 1328 2299 victores

201 2335 248 2402 ibi
268 2337 445 2402 instituisse
467 2337 503 2401 in
523 2337 675 2403 honorem
696 2336 782 2402 atavi
805 2335 870 2412 sui;
895 2357 1021 2422 semper
1041 2344 1149 2400 autem
1169 2333 1246 2401 lolia
1266 2333 1327 2399 ha·

202 2437 257 2504 bet
278 2449 311 2503 et
329 2461 426 2526 poma
447 2437 713 2504 subnascentibus
740 2438 822 2504 aliis.
858 2434 926 2503 Sed
946 2459 1051 2524 pruna
1070 2457 1198 2521 quoque
1219 2434 1328 2501 omnia

202 2550 277 2624 post
299 2537 456 2606 Catonem
478 2541 623 2626 coepisse
644 2539 853 2606 manifestum
875 2540 946 2605 erit.

244 2639 342 2706 XIV.
365 2643 415 2705 14.
436 2639 598 2705 Malorum
618 2642 712 2726 plura
734 2652 809 2706 sunt
830 2663 960 2728 genera.
981 2640 1036 2706 De
1056 2639 1164 2705 citreis
1178 2661 1253 2705 cum
1267 2659 1327 2703 sua
1340 2651 1372 2698 ⁴7

203 2738 316 2805 arbore
343 2739 502 2816 diximus3
536 2739 668 2806 Medica
695 2750 804 2806 autem
832 2740 951 2808 Graeci
977 2751 1092 2807 vocant
1117 2740 1241 2827 patriae
1265 2761 1327 2803 no-

203 2840 299 2905 mine.
322 2840 439 2925 Aeque
460 2842 632 2928 peregrina
656 2853 731 2907 sunt
752 2842 881 2930 zizipha
896 2853 929 2909 et
943 2843 1081 2920 tuberes,
1104 2862 1187 2926 quae
1209 2841 1328 2927 etipsa

202 2966 269 3011 non
290 2943 415 3032 pridem
436 2966 553 3010 venere
573 2944 609 3009 in
629 2943 767 3022 Italiam,
788 2945 869 3011 haec
891 2967 932 3010 ex
946 2939 1069 3023 Africa,
1091 2943 1146 3009 illa
1162 2965 1202 3009 ex
1218 2940 1328 3028 Syria.

204 3042 285 3111 Sex.
306 3045 475 3132 Papinius,
499 3067 595 3131 quem
617 3045 778 3112 consulem
800 3045 951 3123 vidimus,
973 3045 1096 3129 primus
1118 3056 1255 3129 utraque
1276 3051 1327 3107 at·

238 3220 390 3268 quamquem,
406 3221 456 3254 om.
472 3205 561 3257 Dalec.
584 3244 617 3254 ..
639 3219 708 3268 rupa,
727 3205 772 3254 ad.
796 3243 828 3253 ..
851 3218 948 3268 myrrae,
964 3203 1070 3254 Barber.
1088 3203 1113 3253 d.
1134 3200 1234 3261 mittor,
1252 3215 1276 3250 a.
1294 3238 1328 3251 .-

205 3280 337 3336 cceperunt‚
353 3265 425 3323 Oad.
443 3288 547 3336 coepere,
559 3267 588 3333 β.

223 3355 254 3474 l?
267 3362 309 3406 44.
328 3354 455 3474 {amnem
467 3358 548 3407 omitt.
561 3357 615 3406 Τά.
637 3355 725 3405 Verba
736 3354 843 3405 Catonis
857 3355 885 3404 in
901 3368 978 3419 opere
994 3354 1048 3404 eins
1060 3354 1192 3419 superstite
1206 3363 1260 3400 non
1270 3364 1328 3399 am·

205 3440 223 3489 p
243 3440 275 3474 ns
287 3439 332 3474 exs
390 3459 396 3472 .

241 3505 256 3567 5
269 3513 309 3556 45.
329 3506 438 3569 transtu,
451 3510 495 3558 ad.
506 3547 538 3556 ..
550 3522 640 3566 eorum,
651 3506 677 3555 d.
695 3504 825 3567 ..icarum
837 3522 860 3555 a.
877 3505 923 3556 An
930 3506 997 3558 Plin.
1006 3505 1158 3556 Persicorum
1167 3502 1281 3567 scripsit?
1295 3542 1329 3552 ..

207 3572 336 3697 instigem
349 3573 426 3638 pipui,
442 3591 465 3626 a.
490 3574 560 3640 pipni
573 3572 701 3638 impert,
717 3576 741 3625 d.
759 3615 791 3623 ..
810 3574 900 3640 myrtei,
915 3590 935 3625 r.
958 3572 1095 3638 pir-rescito
1111 3581 1134 3622 et
1149 3571 1222 3622 rame
1237 3567 1330 3631 similis,

241 3731 311 3792 §ts
329 3742 451 3788 carattere,
464 3728 488 3777 d.
507 3743 602 3788 corona
614 3744 638 3777 a.
657 3767 689 3776 -
708 3726 760 3786 erit,
772 3728 840 3778 Da2.
857 3733 894 3775 est
904 3725 956 3786 erit,
969 3726 1009 3775 a¹.
1027 3733 1070 3787 eat,
1081 3721 1152 3790 dssr.

243 3815 257 3876 §
271 3815 311 3863 47.
328 3827 417 3876 ponera
425 3809 499 3875 plura
510 3818 572 3872 sunt,
585 3813 609 3861 d.
628 3852 659 3862 -
679 3808 781 3860 dicimus
795 3816 834 3872 13,
848 3818 904 3862 loe.
924 3851 956 3861 ..
973 3810 998 3858 in
1015 3809 1108 3870 rochia
1121 3802 1231 3859 OTadr
1242 3803 1330 3869 (codd.

210 3879 319 3931 Salmas.
331 3895 414 3930 exerc.
426 3896 452 3944 p.
465 3884 521 3930 429.
533 3880 557 3928 b.
571 3877 616 3941 G.)
639 3879 665 3928 ie
680 3886 811 3928 castrorum
827 3878 961 3944 opperthus,
976 3871 1006 3938 β.
1030 3876 1177 3942 tenporibus.
1197 3874 1229 3925 In
1245 3872 1331 3924 aare

211 3942 269 3996 hoec
280 3955 343 4009 acta,
355 3947 444 3998 Doleo.
463 3988 495 3997 -
512 3946 643 4011 peceribus,
655 3962 678 3996 a.
697 3988 728 3996 -
744 3945 885 4010 praecipuo,
897 3947 942 3997 ad.
956 3944 1093 4010 praecipue,
1105 3940 1157 4009 βγ.

228 4032 312 4096 Ι548.
344 4031 476 4091 iliarum,
496 4047 519 4079 a.
550 4029 722 4096 Zizyploram‚
738 4031 881 4082 Mercurial.
903 4045 955 4081 var.
970 4030 1028 4079 lect.
1045 4036 1074 4090 4,
1092 4030 1129 4089 7.,
1150 4030 1220 4092 quod
1240 4028 1334 4092 probat

211 4096 329 4149 Schneid.
348 4102 380 4149 ad
396 4100 531 4151 Columell.
548 4098 596 4150 XI.
613 4103 690 4160 2,11.
708 4140 739 4148 -
758 4097 867 4163 syricum,
883 4099 973 4149 Delec.
1001 4096 1108 4158 seman,
1124 4092 1194 4157 adst.
1221 4093 1333 4152 mam,

210 4164 279 4216 Pint.
298 4204 330 4213 ..
345 4181 422 4229 poene
435 4164 572 4232 peregrino.
591 4165 661 4227 Sunt,
673 4183 696 4216 a.
716 4207 746 4216 -
772 4165 934 4224 Venerem,
947 4182 969 4215 a
989 4205 1020 4214 -
1039 4161 1142 4224 lotham,
1158 4180 1181 4213 a.
1201 4203 1232 4212 ..
1251 4177 1281 4210 eo
1292 4161 1333 4210 ob-

210 4229 284 4295 ducit,
297 4249 320 4282 a.
338 4230 438 4296 obducit,
451 4235 474 4284 d.
492 4233 522 4284 iis
534 4230 641 4296 obducat,
652 4235 758 4285 Barbar.
767 4235 800 4284 Κ.
814 4275 845 4284 ..
861 4231 979 4298 plurimrs,
989 4233 1093 4284 Barbar.
1113 4272 1145 4282 -
1163 4229 1206 4292 hir,
1216 4233 1232 4281 d
1244 4227 1333 4291 (codd.
