2896 4800
205 263 265 329 162
401 328 404 339 ,
556 278 761 328 uaruaams
783 277 978 329 meromaa

232 433 298 498 α37.
330 430 410 497 Ideo
435 429 606 517 pinnarum
629 452 756 515 quoque
781 430 864 496 fiunt
885 431 1079 509 discrimina,
1101 453 1185 518 quae
1207 434 1328 520 pedum
1342 452 1373 503 ta

202 533 274 600 vice
296 542 372 598 sunt
393 531 487 599 datae
508 523 664 620 piscibus,
686 532 783 598 nullis
805 555 905 619 supra
926 544 1111 618 quaternas,
1133 535 1328 619 quibusdam

201 634 305 713 binae,
332 633 449 718 aliquis
470 634 596 711 nullae3
629 634 664 698 in
684 632 810 699 Fucino
838 643 962 700 tantum
982 634 1057 700 lacu
1077 635 1179 722 piscia
1200 640 1328 723 estqui

201 735 326 804 octonis
357 735 468 821 pinnis
498 745 599 801 natat.
643 733 746 801 Binae
778 734 907 800 omuino
935 735 1042 825 longis
1069 747 1102 802 et
1121 728 1266 819 lubricis,
1289 752 1326 806 ut

200 837 351 927 anguillis
377 848 411 903 et
431 837 562 926 congris
569 861 579 914 3
615 837 733 915 nullae,
760 847 798 902 ut
818 836 972 918 murenis,
1004 838 1123 924 quibus
1144 862 1205 907 nec
1225 840 1325 908 brau-

200 940 301 1006 chiae.
324 939 417 1004 Haec
437 940 544 1006 omnia
563 939 708 1006 flexuoso
729 961 900 1026 corporum
920 939 1052 1027 inpulsu
1072 941 1119 1006 ita
1131 941 1213 1008 mari
1225 953 1324 1011 utun-

198 1052 252 1107 tur
277 1051 315 1106 ut
336 1052 504 1129 serpentes
526 1053 627 1120 terra3
660 1042 695 1106 in
716 1042 801 1108 sicco
828 1062 955 1127 quoque
976 1052 1105 1129 reprmt,
1131 1042 1206 1110 ideo
1227 1045 1325 1111 etiam

197 1143 360 1210 vivaciora
375 1143 461 1209 talia.
484 1143 530 1208 Et
551 1167 570 1209 c
591 1143 697 1230 planis
719 1142 891 1228 aliquando
912 1165 978 1210 non
998 1141 1119 1211 habent
1139 1145 1265 1232 pinnas,
1288 1158 1325 1213 ut

197 1244 383 1331 pastinacae
403 1245 542 1332 ..ipsa
562 1245 648 1310 enim
668 1245 837 1313 latitudine
858 1255 972 1311 natant
992 1298 1035 1311 ..
1056 1255 1089 1312 et
1109 1268 1193 1331 quae
1213 1248 1323 1314 maffia

196 1332 411 1432 appellantur,
438 1356 477 1410 ut
496 1345 622 1432 polypi,
644 1347 795 1430 quoniam
822 1346 921 1434 pedes
941 1346 1004 1413 illis
1024 1346 1198 1434 pinnarum
1218 1348 1323 1415 vicem

196 1458 374 1533 praestant.

238 1545 342 1611 XXI.
364 1547 417 1613 38.
450 1547 628 1636 Anguillae
649 1549 774 1614 octonis
792 1549 904 1615 vivont
925 1548 1037 1628 annis3
1060 1549 1177 1615 durant
1197 1560 1231 1615 et
1251 1551 1322 1618 sine
1336 1563 1369 1612 74

195 1668 283 1732 aqua
309 1657 342 1713 et
368 1648 455 1715 senis
476 1649 591 1715 diebus
612 1649 761 1734 aquilone
784 1650 935 1736 spirante,
969 1661 1078 1717 austm
1097 1650 1303 1737 paucioribus
1309 1678 1319 1728 ;

199 1758 235 1812 at
261 1747 367 1814 hieme
395 1749 528 1816 eaedem
553 1750 588 1815 in
609 1751 730 1838 exigua
755 1773 840 1838 aqua
865 1774 931 1818 non
957 1753 1093 1818 tolerant
1112 1773 1172 1818 nec
1193 1750 1228 1816 in
1248 1761 1319 1817 tur·

194 1849 287 1930 bida3
310 1851 384 1917 ideo
406 1851 492 1919 circa
510 1853 662 1942 vergilias
684 1874 835 1920 maxume
855 1853 1027 1940 capiuntur
1044 1850 1228 1919 fluminibus
1248 1862 1320 1920 tum

192 1952 368 2040 praecipue
395 1953 549 2034 turbidis3
586 1964 766 2041 pascuntur
785 1953 944 2023 noctibus.
980 1954 1156 2022 Exanimes
1181 1954 1320 2042 piscium

193 2055 282 2122 solae
302 2077 366 2121 non
386 2053 524 2121 fluitant.

237 2153 358 2222 XXII.
381 2155 493 2225 Lacus
515 2168 565 2225 est
585 2158 701 2226 Italiae
714 2157 865 2227 Benacus
885 2159 920 2226 in
933 2157 1115 2226 Veronensi
1134 2180 1214 2246 agro
1228 2157 1319 2232 Mina
1333 2168 1363 2218 ⁷5

194 2258 280 2324 cium
301 2281 430 2326 amnem
452 2261 683 2340 transmittens,
704 2260 747 2326 ad
768 2262 860 2326 cuius
882 2281 1024 2327 emersus
1045 2281 1152 2325 annuo
1173 2269 1318 2346 tempore

194 2356 332 2426 Octobri
352 2361 420 2426 fere
434 2383 555 2442 menae,
577 2361 755 2428 autumnali
770 2363 891 2440 sidere,
912 2371 949 2427 ut
968 2361 1075 2448 palam
1095 2369 1155 2440 est,
1177 2361 1317 2428 hiemato

193 2458 277 2538 lacu,
299 2459 451 2526 fluctibus
473 2463 669 2548 glomeratae
690 2462 859 2528 volvontur
878 2462 913 2528 in
934 2471 1059 2538 tantum
1073 2461 1212 2528 mirabili
1232 2461 1315 2529 mul-

194 2557 333 2626 titudine
362 2571 398 2627 ut
424 2562 460 2625 in
489 2562 647 2648 excipulis
673 2562 744 2627 eius
770 2561 911 2628 fluminis
936 2563 978 2630 ob
1006 2562 1068 2630 hoc
1088 2563 1196 2650 ipsum
1215 2563 1315 2636 fabri-

192 2661 276 2726 catis
298 2660 498 2748 singulorum
518 2662 643 2729 milium
662 2661 864 2749 reperiantur
884 2664 982 2751 globi.
1066 2706 1071 2715 ·

233 2759 371 2827 XXIH.
404 2763 457 2828 39.
478 2762 620 2830 Murena
640 2785 846 2851 quocumque
866 2786 976 2832 mense
997 2765 1093 2854 parit,
1121 2790 1195 2835 oum
1216 2767 1315 2834 ceteri
1328 2774 1360 2824 76

192 2862 300 2949 pisces
329 2873 413 2929 stato
439 2865 569 2951 pariant
575 2891 585 2945 3
623 2888 684 2932 ova
710 2864 780 2931 eius
802 2866 955 2933 citissime
976 2878 1134 2935 crescunt.
1167 2868 1209 2935 In
1229 2869 1315 2936 sicco

190 2961 284 3032 litore
309 2965 418 3052 lapsas
446 2966 561 3056 volgus
583 2966 671 3035 coitu
693 2968 891 3056 serpentium
911 2968 1028 3057 inpleri
1047 2980 1152 3058 putat.
1183 2969 1313 3036 Aristo-

223 3174 293 3237 §7³.
309 3171 376 3238 Ideo,
387 3176 421 3228 R.
438 3174 512 3240 Dein,
524 3177 590 3229 Tdi
607 3176 656 3240 De,
668 3178 706 3230 (1².
723 3177 758 3230 V.
769 3176 905 3230 Aristotel
917 3179 977 3230 hist.
989 3179 1066 3229 anim.
1080 3184 1102 3238 1,
1116 3183 1139 3227 5.
1151 3191 1177 3241 p.
1189 3174 1258 3227 4891)
1271 3182 1313 3227 24.

189 3279 222 3292 ..
240 3249 378 3305 quatenos,
393 3242 544 3308 patiusdcm,
558 3247 665 3297 Massar.
678 3246 703 3295 d
725 3243 843 3309 quasdam
854 3251 935 3294 remae
945 3243 1030 3308 quate
1040 3258 1109 3306 quae,
1119 3243 1153 3303 R,
1168 3244 1212 3293 ubi
1223 3246 1314 3294 eadem

188 3321 280 3358 manus
291 3310 400 3373 primam
410 3326 500 3364 vocem
512 3313 581 3364 linea
591 3315 708 3364 traducta
719 3312 814 3363 delevit
824 3318 938 3363 atroces
948 3317 1061 3374 quanccr
1072 3307 1214 3373 quibusdam
1223 3325 1313 3372 supra.

188 3375 296 3439 scripsit
323 3378 375 3428 Pro
395 3378 536 3443 quibusdam
552 3397 566 3432 r
581 3377 700 3430 macellae
715 3378 802 3429 habet.
820 3417 853 3428 -
878 3376 954 3439 barca
969 3376 1053 3429 RTd.
1079 3375 1154 3436 binae,
1172 3373 1313 3438 pudendam

189 3440 275 3505 macc,
289 3439 319 3504 β.
337 3485 370 3495 ..
391 3444 488 3511 aliquas,
503 3449 535 3499 a„
558 3446 685 3511 aliquibus,
701 3441 774 3511 dssr.
792 3485 825 3496 ..
846 3449 920 3508 natet,
936 3446 961 3494 d.
982 3483 1016 3494 ..
1038 3451 1063 3492 et
1077 3440 1182 3505 latam,
1197 3442 1312 3507 Alcyon.

188 3513 257 3576 apud
273 3512 378 3564 Gesner.
395 3515 455 3566 hist
467 3515 544 3566 anim.
556 3522 581 3579 4,
594 3520 652 3566 591.
674 3521 701 3563 ut
710 3511 838 3575 lentricula,
848 3511 916 3564 Ru.
936 3517 963 3561 at
974 3508 1099 3573 miricis,
1109 3510 1155 3562 Rt
1173 3551 1206 3561 ..
1225 3517 1312 3575 imae,

187 3579 243 3632 Rd
261 3580 334 3642 Quae
345 3582 422 3633 lectio
434 3588 593 3648 quamquam·
598 3582 721 3646 explicari
729 3588 823 3647 potest,
833 3580 965 3644 vulgatam
976 3587 1063 3631 tamen
1074 3580 1175 3642 retinui,
1187 3579 1247 3644 quia
1257 3581 1311 3631 Pii-

187 3648 259 3700 nium
270 3650 346 3701 binos
357 3651 506 3703 Aristotelis
516 3651 590 3702 locos
601 3647 674 3714 (hist.
686 3650 763 3702 euim.
776 3656 799 3712 ι,
812 3655 835 3703 ⁶.
846 3663 873 3716 p.
885 3646 1008 3700 4891’28.
1020 3655 1047 3700 et
1057 3655 1122 3713 part.
1138 3647 1216 3698 anim.
1231 3654 1257 3708 4,
1271 3654 1310 3698 13.

186 3715 875 3854 irlillallllaiillmnlllll‘lliliiillla?
887 3715 1138 3852 ,liii-alimum
1153 3729 1204 3766 ⁰¹¹¹·
1221 3717 1259 3765 ‘¹¹‘
1277 3753 1310 3766 “

380 3823 387 3838 .
616 3823 674 3839 ...
810 3823 819 3850 ,
867 3822 874 3836 .
974 3822 981 3848 ,
1054 3822 1060 3837 .

220 3848 291 3909 §74-
312 3825 390 3918 (lunc,
405 3873 426 3908 r.
449 3826 570 3909 Celemm
584 3871 609 3907 u.
625 3855 734 3908 Aristot.
750 3856 809 3906 hist
825 3855 903 3906 anim.
921 3860 946 3916 8,
962 3860 987 3904 2.
998 3868 1025 3918 p.
1043 3851 1111 3904 591¹>
1126 3858 1168 3904 3⁰.
1186 3891 1219 3902 -
1235 3856 1266 3911 et,
1277 3851 1310 3900 R.

187 3911 278 3966 Omitt.
290 3915 363 3982 ᾱβν.
381 3962 414 3973 ..
431 3923 514 3987 hieme,
525 3925 580 3976 Rc
598 3922 702 3981 mmm,
713 3919 763 3990 βγ.
780 3922 914 3974 Nonnulla
924 3928 1007 3972 mutat
1017 3923 1086 3973 Pint.
1105 3960 1137 3971 ..
1153 3917 1244 3979 eadem,
1255 3919 1309 3970 Rd.

186 3986 421 4110 —flm'quetomisso
435 3991 469 4052 in,
485 3993 510 4042 d.
528 4031 561 4043 ..
582 3989 674 4054 accires,
688 3991 713 4042 d.
730 4031 763 4042 ...
785 3983 1158 4056 arculas,1tc(ubique.)-
1178 3985 1311 4037 Exanimes

187 4085 219 4095 ..
245 4056 312 4096 uttan
334 4064 385 4100 om.
397 4068 417 4102 r.

220 4112 290 4173 §75-
309 4113 433 4178 hiemante,
444 4120 512 4171 Pint.
530 4161 563 4173 ..
580 4125 731 4189 repertorum
740 4122 814 4189 plobr',
824 4125 879 4176 Rc.
896 4120 964 4188 ylobt‘
973 4122 1131 4189 amaricatur,
1142 4118 1194 4186 βγ.
1253 4183 1260 4195 .

220 4178 290 4240 §⁷6-
311 4196 396 4244 mense,
411 4183 510 4236 RTdr.
537 4196 645 4253 tempore,
659 4187 690 4252 β.
709 4228 742 4242 ..
757 4199 847 4241 emma
863 4198 973 4256 tempore,
988 4208 1009 4243 r.
1027 4231 1060 4242 -
1081 4190 1149 4247 ecco,
1164 4192 1209 4237 11⁹.
1234 4200 1307 4246 acca,

186 4247 282 4303 Rl'id.
293 4247 816 4323 atam,K(cochessar.)-1eore‚a
829 4257 909 4324 litora,
918 4261 970 4313 Td.
983 4257 1047 4321 litua,
1055 4259 1081 4308 K
1089 4253 1176 4318 (codd.
1186 4251 1307 4315 Massar.)
