2896 4800
175 269 217 332 38
527 279 732 328 unruasnrs
754 279 951 330 msroamn

216 431 372 500 XXXV.
403 432 456 498 35.
484 418 702 497 pudicissima
721 431 840 497 femina
862 433 961 498 semel
981 442 1201 499 matronarum
1223 456 1298 501 san·

176 536 277 601 tentia
297 534 437 600 iudicata
458 545 509 598 est
523 530 669 618 Sulpicia
681 530 843 598 Paterculi
863 533 940 612 filia,
962 555 1045 598 uxor
1064 533 1161 599 Fulvi
1175 533 1299 615 Flacci,

110 648 115 732 j
175 638 275 703 electa
302 658 342 702 ex
370 644 498 700 centum
523 634 716 721 praeceptis,
744 656 829 720 quae
855 635 1062 701 simulacrum
1087 632 1229 702 Veneris
1256 659 1299 703 ex

175 737 343 824 Sibyllinis
353 735 445 802 libris
454 735 634 813 dedicaret3
652 736 770 802 iterum
783 735 951 823 religionis
965 736 1184 824 experimento
1197 736 1299 805 Clau·

174 841 237 918 dia,
260 839 393 905 inducta
412 837 552 904 Romam
572 837 672 903 deum
692 847 805 904 matre.

214 938 389 1006 XXXVI.
421 939 474 1005 36.
501 937 638 1004 Pietatis
660 938 812 1027 exempla
832 937 958 1005 infinita
978 939 1110 1023 quidem
1131 950 1199 1007 toto
1220 941 1299 1008 orbe
1314 956 1361 1004 121

173 1043 333 1119 exstitere,
355 1041 413 1107 sed
427 1040 549 1106 Romae
563 1063 665 1105 unum
686 1039 740 1106 eui
760 1040 930 1127 conparari
952 1051 1071 1107 cuncta
1088 1063 1154 1108 non
1167 1055 1298 1128 queant.

170 1143 315 1208 Humilis
335 1142 371 1206 in
391 1140 486 1227 plebe
509 1155 541 1206 et
561 1141 636 1206 ideo
657 1141 810 1230 ignobilis
837 1163 1009 1228 puerpera,
1036 1141 1175 1230 supplici
1200 1165 1300 1210 causa

172 1265 301 1310 earcere
329 1242 455 1308 inclusa
482 1252 597 1320 matre,
627 1263 701 1306 cum
726 1242 921 1326 inpetrasset
947 1243 1084 1322 aditum,
1117 1265 1137 1309 a
1163 1243 1299 1311 ianitore

174 1365 300 1430 semper
322 1364 470 1419 excussa,
492 1362 533 1407 ne
555 1340 634 1425 quid
653 1341 786 1407 inferret
804 1342 880 1421 cibi,
902 1343 1103 1429 deprehensa
1117 1355 1169 1410 est
1188 1343 1298 1411 uberi·

172 1445 235 1510 bus
259 1444 326 1509 suis
348 1443 438 1508 alens
462 1463 543 1506 eam.
567 1439 643 1521 Quo
657 1441 811 1509 miraculo
832 1444 945 1508 matris
966 1444 1053 1508 salus
1075 1443 1193 1509 donata
1213 1447 1298 1514 filiae

172 1545 287 1631 pietati
308 1556 360 1610 est
380 1542 556 1626 ambaeque
577 1542 744 1628 perpetuis
771 1543 931 1608 alimentis
952 1552 986 1607 et
1005 1543 1096 1609 locus
1116 1543 1171 1607 ille
1192 1545 1299 1610 eidem

174 1656 380 1712 consecratus
401 1645 481 1709 deae
504 1641 544 1708 G.
567 1641 704 1723 Quintio
724 1642 785 1708 Μ’.
807 1643 913 1709 Acilio
934 1663 1030 1722 coss,
1052 1643 1171 1729 templo
1185 1644 1297 1711 Pieta-

174 1748 217 1815 tis
238 1755 402 1813 exstructa
422 1745 457 1811 in
477 1743 564 1810 illius
585 1742 722 1810 carceris
744 1745 831 1824 sede,
853 1744 911 1810 ubi
931 1764 1018 1810 nunc
1038 1743 1186 1810 Marcelli
1207 1745 1297 1812 thea-

174 1859 260 1915 trum
287 1858 345 1914 est.
384 1845 604 1915 Gracchorum
631 1856 724 1933 pater
750 1847 914 1934 anguibus
940 1847 1109 1934 prehensis
1135 1847 1170 1913 in
1191 1849 1297 1928 domo,
1313 1861 1363 1908 122

174 1971 248 2015 eum
268 1949 519 2037 responderetur
531 1948 640 2034 ipsum
654 1946 819 2014 victurum
832 1947 965 2012 alterius
981 1970 1079 2014 sexus
1092 1945 1297 2034 interempto,

175 2050 415 2130 „immover0'',
438 2049 554 2134 inquit,
576 2070 704 2127 „meum
714 2058 837 2127 necate
854 2046 1008 2113 Cornelia
1017 2049 1103 2112 enim
1112 2049 1239 2115 iuvenis
1250 2061 1300 2114 est

54 2190 64 2211 .
174 2163 208 2219 et
220 2174 334 2240 parere
347 2152 452 2218 adhuc
465 2153 606 2239 potest.’'
628 2149 706 2217 Hoc
718 2160 788 2216 erat
808 2147 902 2214 uxori
923 2166 1055 2233 parcere
1078 2157 1110 2212 et
1129 2148 1176 2213 rei
1190 2150 1299 2236 publi-

173 2274 231 2319 cae
252 2255 436 2334 consulere3
462 2254 561 2338 idque
582 2274 659 2318 mox
680 2260 888 2318 oonaeoutum
909 2260 969 2316 est.
1000 2248 1048 2315 M.
1062 2247 1213 2335 Lepidus
1226 2252 1299 2338 Ap·

172 2354 299 2440 puleiae
326 2356 439 2421 uxoris
472 2356 606 2420 caritate
637 2363 711 2440 post
742 2353 915 2438 repudium
946 2350 1036 2418 obiit.
1079 2349 1119 2416 P.
1147 2350 1299 2440 Rupilius

172 2457 285 2522 morbo
312 2456 377 2522 levi
404 2454 581 2540 inpeditus,
601 2453 756 2517 ‘nuntiata
777 2453 887 2517 fratris
907 2453 1037 2537 repulsa
1057 2452 1093 2518 in
1114 2454 1299 2521 consulatus

172 2554 340 2640 petitione,
366 2554 452 2621 illioo
479 2552 667 2639 exspiravit.
703 2550 744 2617 P.
768 2549 926 2616 Catienus
952 2551 1102 2620 Plotinus
1128 2566 1299 2641 patronum

174 2653 256 2719 adeo
277 2654 391 2720 dilexit
411 2663 448 2720 ut
468 2653 563 2719 heres
585 2652 734 2719 omnibus
755 2651 848 2716 bonis
868 2650 1036 2720 institutus
1048 2655 1084 2721 in
1097 2678 1214 2743 rogum
1228 2656 1297 2722 eius

175 2775 210 2819 se
232 2753 360 2821 iaceret.

169 2969 170 2973 ’
212 2958 243 3016 Q.
255 2956 340 3010 latui
347 2959 440 3025 Flacci,
451 2963 527 3026 Pigh.
543 2962 628 3011 annal.
642 2967 666 3020 6,
681 2967 737 3012 104.
760 2960 879 3013 Ceteram
891 2979 915 3015 v.
929 2965 1017 3017 Valer.
1031 2968 1102 3016 Max.
1114 2960 1190 3012 vm
1205 2967 1245 3024 16,
1259 2967 1298 3012 12.

174 3034 201 3077 et
212 3025 294 3078 Solia.
308 3035 331 3092 1,
346 3035 404 3081 126.
421 3071 454 3080 ..
467 3029 611 3094 praeceptis,
623 3030 699 3080 RTd
710 3026 797 3092 (codd.
810 3030 918 3082 Salmas.
930 3048 1012 3084 exerc.
1024 3048 1050 3098 p.
1060 3038 1101 3083 ³9.
1111 3046 1134 3082 a.
1146 3028 1195 3094 D.)
1203 3030 1298 3095 praeei-

169 3094 235 3159 puus,
247 3097 386 3148 Mediolan.
399 3106 425 3147 et
435 3099 577 3165 unuslliber
587 3098 663 3149 Bezz.
674 3092 704 3158 β.
722 3136 754 3147 ..
772 3096 872 3161 demum,
884 3101 908 3150 d.

208 3167 294 3228 5121.
312 3180 383 3214 unum
398 3165 499 3229 Romae,
517 3168 541 3216 d.
562 3166 624 3216 Vid.
639 3165 725 3215 Valer.
737 3167 808 3217 Max.
825 3167 860 3217 V.
873 3173 897 3229 4,
911 3171 933 3218 7.
946 3174 971 3217 et
982 3167 1062 3219 Salia.
1077 3172 1099 3228 l,
1118 3171 1175 3216 124.
1193 3204 1226 3216 ..
1240 3180 1299 3229 pos·

174 3231 230 3293 siat,
242 3233 297 3283 Td.
311 3233 396 3297 pcss‘,
411 3234 444 3283 Β.
461 3240 569 3298 poesum,
580 3251 594 3284 r
604 3229 696 3296 (Βοὴ.)
715 3273 746 3283 ..
764 3231 887 3295 inclusam,
903 3235 971 3284 Rob.
993 3232 1108 3292 incolare,
1124 3233 1178 3281 Rd.
1195 3269 1228 3280 -
1246 3246 1298 3278 ma-

176 3304 242 3360 ereat,
257 3299 323 3350 Βοὴ.
341 3340 375 3350 ..
392 3315 499 3363 excussu,
516 3301 602 3351 Valer.
618 3303 689 3352 Max.
706 3302 740 3352 V.
749 3305 778 3363 Ἴ,
796 3308 820 3352 4.
842 3307 977 3361 neumare,
988 3300 1054 3348 Ru.
1076 3297 1184 3360 quireati,
1194 3298 1240 3346 ΒΖ.
1258 3311 1298 3345 eu-

175 3371 251 3427 raate,
262 3364 344 3431 rdpp
357 3364 411 3431 (ap.
422 3367 535 3418 GronoV.
544 3369 652 3418 miscell.
663 3384 689 3432 p.
698 3366 770 3431 846.)
782 3369 857 3418 codd.
866 3367 983 3426 Salmas,
991 3366 1056 3417 Βοὴ.
1075 3363 1209 3424 saeuiente,
1219 3364 1242 3414 Τ
1251 3360 1298 3425 (l).

174 3432 240 3482 Prae
264 3433 321 3490 aliis
342 3435 450 3486 Salmas.
473 3431 582 3496 (meante
603 3437 643 3486 vel
659 3432 806 3499 exquirente)
828 3441 854 3484 et
873 3433 952 3484 Gron.
977 3429 1117 3493 (scrutante)
1147 3431 1298 3482 coniecturis

175 3499 341 3564 praeferenda
352 3503 428 3552 tertia
440 3500 548 3553 Salmas.
561 3518 661 3565 excusa
672 3511 727 3552 ante
739 3513 765 3554 et
776 3505 811 3553 οὴ
821 3502 929 3563 vestigia
941 3501 1057 3550 codicum
1073 3499 1147 3564 et'ob
1158 3514 1234 3549 usum
1244 3499 1299 3550 Pli-

174 3567 219 3630 nii,
231 3569 275 3633 qui
287 3569 406 3620 adverbia
416 3571 499 3621 verbis
510 3571 632 3622 subiicere
643 3572 722 3633 solet3
734 3585 759 3620 v.
770 3571 804 3619 ad
814 3574 857 3629 66,
871 3572 910 3619 18.
929 3607 961 3616 ..
971 3566 1053 3631 filias,
1064 3568 1127 3618 Rdr
1136 3565 1226 3631 (Βοὴ.)
1240 3567 1298 3620 Om.

173 3629 204 3696 β.
222 3676 255 3686 ..
269 3635 367 3700 pietate,
383 3653 403 3688 r.
422 3678 454 3688 ..
476 3647 625 3688 massuetus
640 3646 682 3703 est,
698 3654 712 3690 r
727 3631 820 3699 (Bab.)
842 3672 876 3686 ..
902 3633 940 3699 T,
955 3636 1032 3702 Pigh.
1048 3637 1133 3688 annal.
1152 3643 1176 3699 2,
1189 3644 1247 3688 446.
1266 3675 1298 3684 .-

174 3702 212 3752 M
211 3704 236 3767 '.,
247 3705 324 3768 Pigh.
340 3703 388 3768 M,
400 3707 447 3756 Rd
458 3701 550 3768 (Βοὴ.)
563 3702 593 3768 β.
1381 3703 1387 3709 ’

209 3770 224 3831 §
239 3779 294 3822 122.
313 3772 473 3836 apprehensis,
486 3776 510 3824 d.
528 3775 647 3826 Ceterum
658 3788 682 3822 v.
693 3771 784 3822 valer.
796 3772 868 3822 Max.
879 3771 928 3824 IV.
941 3777 965 3835 6,
979 3779 1001 3823 l.
1014 3812 1046 3823 ..
1058 3788 1123 3832 sexu,
1134 3786 1148 3822 r
1158 3764 1252 3832 (Βοὴ.)
1265 3805 1297 3816 ...

175 3852 318 3901 meonecare,
329 3842 412 3904 RTd.
434 3857 509 3891 meum
520 3841 597 3905 inquit
607 3855 701 3901 amare,
711 3839 778 3890 Βοὴ.
797 3879 830 3890 ..
846 3839 917 3903 enim,
928 3843 953 3894 Β
964 3837 1055 3902 (Βοὴ.)
1077 3837 1181 3894 nimium,
1193 3835 1247 3911 Τιᾱ·
1266 3872 1297 3881 -

176 3919 209 3964 ss,
221 3906 245 3953 d.
264 3944 297 3955 ..
311 3915 386 3969 potes,
399 3912 422 3959 d.
441 3948 474 3960 ...
489 3909 614 3961 Hae-est
630 3909 712 3960 omitt.
728 3908 795 3959 Bu.
814 3948 847 3958 ..
864 3915 996 3966 amicata,
1011 3899 1040 3954 θ.
1056 3941 1089 3952 -
1106 3902 1145 3952 M·
1157 3898 1298 3962 medus..

175 3970 264 4019 taceret
278 3974 360 4023 omitt.
377 3975 432 4026 Rd.
449 4015 481 4028 ..
499 3976 620 4040 Rupilius,
635 3976 767 4027 Drakenb.
779 3977 812 4026 ad
822 3975 878 4026 Lis.
890 3976 950 4037 epit.
963 3977 1003 4022 69.
1027 3968 1141 4030 Rutilius,
1152 3962 1252 4032 Rdssr.
1265 4009 1297 4017 .-

175 4036 308 4103 Appelsius
322 4038 439 4104 Catienus,
455 4037 484 4094 θ.
501 4082 534 4094 ..
552 4042 669 4103 Plotium,
681 4037 710 4092 θ.
728 4041 878 4100 Philotimus,
888 4037 918 4101 β.

210 4103 225 4165 §
240 4113 296 4157 12³.
312 4108 418 4170 seientia,
429 4113 483 4162 Rd.
499 4109 649 4171 recemiorss,
660 4110 692 4160 Τ.
704 4148 737 4160 ...
754 4115 778 4157 et
788 4102 977 4168 innumerabiles,
988 4103 1055 4155 Βοὴ.
1068 4141 1100 4153 ..
1112 4100 1250 4166 astralapia,
1261 4103 1299 4153 R²

123 4226 129 4237 .
176 4169 270 4236 (Βοὴ.)
291 4175 393 4242 arripe,
403 4179 464 4229 R¹d
480 4171 587 4240 (Rigalt.
599 4191 640 4240 ap.
652 4175 761 4228 Salmas.
773 4187 856 4225 exere.
867 4187 893 4237 p.
905 4178 964 4224 456.
976 4188 999 4222 a.
1011 4168 1057 4231 D.)
1078 4169 1176 4231 ostica,
1189 4169 1297 4222 Salmas.

176 4280 209 4291 ..
226 4239 350 4306 Bariosus,
367 4247 383 4296 d
400 4240 522 4310 (Rigalt.)
543 4283 575 4295 ..
599 4243 635 4307 ab,
651 4244 689 4293 d2.
716 4243 744 4290 ol>
759 4239 793 4304 id,
809 4241 875 4290 Bd'.
898 4280 930 4291 ..
955 4237 1115 4304 psammetica
1130 4236 1297 4304 Apollodoreis,
