2896 4800
373 250 506 298 mum.
535 245 1035 296 oar.xrv..xv1.sncr.u.1a
1207 229 1269 294 263

189 401 269 469 XV.
300 403 353 468 15.
381 400 451 467 Mel
471 399 646 484 plenilunio
668 399 799 466 uberius
822 397 960 484 capitur,
984 420 1098 465 sereno
1118 399 1172 465 die
1193 399 1267 486 pin-
1283 416 1316 464 aa

147 505 253 593 guius.
281 503 321 569 In
342 501 429 569 omni
449 502 544 567 melle
567 502 654 587 quod
674 524 734 588 per
756 523 791 567 se
812 499 916 579 fluxit,
938 509 975 564 ut
989 509 1131 566 mustum
1145 503 1268 568 oleum·

147 629 222 691 que,
246 603 426 691 appellatur
439 613 576 669 acetum.
598 603 754 669 Maxume
768 601 929 668 laudabile
943 612 993 667 est
1006 602 1161 669 aestivum
1175 625 1269 670 omne

147 707 289 784 rutilum,
311 715 349 770 ut
370 703 484 770 diebus
500 706 682 772 confectum
697 704 901 780 siccioribus3
926 703 1129 790 aptissimum
1145 705 1268 771 existu-

146 819 253 874 matur
280 808 439 891 ethymo,
467 808 581 874 eoloris
608 807 708 886 aurei,
738 806 861 893 saporis
887 805 1072 892 gratissimi.
1110 803 1209 888 Quod
1234 806 1272 870 fit

147 909 253 996 pelam
274 908 410 987 doliolis,
432 909 569 997 pingue3
597 910 719 974 marino
741 931 760 974 e
781 930 852 975 rore
884 908 1039 993 spissum3
1078 908 1166 992 quod
1193 930 1270 973 eon·

148 1010 264 1076 erescit
278 1020 394 1088 autem,
417 1010 559 1077 minume
573 1011 733 1076 laudatur.
756 1008 957 1094 Thymosum
976 1031 1042 1074 non
1057 1008 1121 1074 coit
1136 1019 1168 1075 et
1183 1017 1272 1103 tactu
1284 1024 1317 1069 ae

147 1112 335 1198 praetenuia
356 1112 411 1179 iila
436 1098 545 1192 mittit,
573 1113 660 1198 quod
686 1111 825 1198 primum
851 1110 1020 1199 gravitatis
1047 1119 1272 1196 argumentum

147 1223 206 1278 est.
227 1212 391 1299 Abrumpi
413 1214 522 1279 statim
544 1224 577 1280 et
597 1212 721 1280 resilire
742 1221 863 1299 guttas,
886 1212 1018 1278 vilitatis
1036 1211 1190 1277 indicium
1211 1211 1270 1277 ha-

146 1315 251 1381 betur.
289 1313 437 1400 Sequens
463 1315 610 1403 probatio
638 1326 675 1379 ut
704 1315 746 1380 sit
768 1314 936 1381 odoratum
958 1323 991 1379 et
1012 1337 1054 1380 ex
1075 1313 1162 1380 dulci
1184 1336 1270 1392 aere,

146 1417 355 1504 glutinosum,
379 1418 590 1504 perlucidum.
612 1416 749 1483 Aestiva
766 1416 950 1482 mellatione
964 1416 1134 1482 decumam
1146 1425 1272 1502 partem
1284 1429 1318 1475 to

148 1516 263 1584 Cassio
277 1517 437 1604 Dionysio
459 1520 575 1607 apibus
596 1519 734 1603 relinqui
755 1519 861 1605 placet
883 1518 911 1583 si
932 1519 1047 1604 plenae
1061 1517 1183 1584 fuerint
1195 1517 1271 1596 alvi,

146 1619 174 1685 si
195 1620 312 1698 minus,
342 1643 401 1706 pro
421 1630 493 1686 rata
513 1621 670 1707 portione,
700 1631 758 1686 aut
779 1620 808 1686 si
827 1618 950 1698 inanes,
979 1620 1108 1686 omnino
1134 1642 1200 1685 non
1220 1629 1270 1683 at-

145 1722 234 1804 tingi.
270 1721 360 1788 Huic
381 1723 563 1790 vindemiae
584 1722 688 1789 Attioi
715 1721 845 1810 signum
871 1722 990 1788 dedere
1015 1721 1143 1787 initium
1164 1720 1270 1807 capri·

145 1823 209 1901 fici,
231 1823 286 1889 alii
307 1825 393 1891 diem
413 1824 557 1890 Volcano
581 1847 717 1890 sacrum.
1160 1823 1166 1833 '

186 1925 284 1994 XVI.
317 1925 464 1991 Tertium
485 1949 589 2012 genus
611 1925 714 1989 mellis
736 1924 878 2008 minume
899 1924 1081 2011 probatum,
1111 1922 1269 2003 silvestre,
1283 1941 1314 1984 41

146 2027 234 2111 quod
255 2027 415 2093 ericaeum
437 2037 569 2105 vocant3
598 2026 787 2091 convehitur
804 2036 878 2111 post
898 2026 1019 2111 primos
1040 2023 1186 2104 autumni
1207 2024 1269 2090 im-

145 2126 223 2205 bris,
251 2150 325 2193 cum
346 2129 557 2212 myrioe'sola
578 2127 672 2192 floret
691 2126 726 2190 in
749 2127 849 2207 silvis,
872 2125 913 2192 ob
935 2127 970 2190 id
984 2125 1141 2190 harenoso
1157 2125 1270 2191 simile.

146 2226 263 2316 Gignit
283 2229 318 2294 id
346 2252 495 2294 maxume
522 2228 643 2294 arcturi
665 2238 796 2293 exortus
823 2251 866 2293 ex
887 2239 962 2294 ante
983 2227 1088 2312 pridie
1110 2226 1183 2292 idus
1204 2221 1268 2292 Se·

146 2328 311 2414 ptembris.
338 2328 481 2411 Quidam
504 2330 660 2395 aestivam
681 2329 896 2395 mellationem
917 2329 959 2395 ad
981 2327 1270 2413 arcturiexortum

145 2429 323 2515 proferunt,
345 2431 496 2514 quoniam
517 2431 560 2496 ad
581 2430 818 2516 aequinoctium
839 2430 984 2496 autumni
998 2430 1039 2497 ab
1054 2452 1092 2496 eo
1107 2428 1271 2516 supersint
1349 2410 1357 2430 .

146 2531 217 2597 dies
243 2531 501 2616 quattuordecim
528 2543 561 2597 et
587 2532 627 2598 ab
656 2533 856 2618 aequinoctio
883 2534 925 2599 ad
946 2532 1154 2620 vergiliarum
1174 2554 1269 2600 occa·

144 2739 179 2789 ric
189 2739 288 2789 caritot
298 2741 378 2792 Hard.
390 2755 416 2807 r.
437 2782 469 2793 ..
488 2741 647 2804 mamam,
657 2744 732 2793 codd.
744 2741 801 2794 Gal
819 2742 975 2803 molimatur,
986 2741 1018 2793 Β.
1035 2740 1204 2802 existimaram,
1216 2739 1269 2791 Td.

144 2808 170 2856 in
180 2809 305 2857 carimate
317 2817 358 2871 eet,
370 2827 383 2859 r
387 2824 412 2874 r.
429 2805 540 2861 Restitui
551 2827 598 2875 per
609 2812 678 2860 hunc
688 2811 777 2859 locum
789 2811 939 2875 scripturam
950 2806 972 2873 β
982 2810 1121 2872 vulgatam,
1134 2823 1188 2856 non
1199 2807 1271 2870 quod

144 2877 271 2938 integram
283 2891 340 2926 eam
352 2878 479 2939 haberem,
492 2880 577 2928 sedat
589 2893 648 2928 enm
659 2879 691 2928 ab
703 2878 830 2927 Harduini
840 2892 858 2942 r
869 2878 1110 2942 interpolationibus
1121 2877 1270 2938 liberarem3

144 2952 291 3007 corruptum
302 2952 387 2994 antem
399 2960 458 2995 eum
469 2961 524 2995 esse
536 2948 611 2995 docet
623 2953 648 2994 et
659 2946 715 3008 ipsa
722 2946 788 2994 ratio
796 2947 938 3007 verborum,
950 2946 994 2995 ubi
1003 2945 1088 2996 statim
1096 2945 1147 2993 hcc
1156 2941 1271 3005 offendit,

145 3013 214 3074 quod
229 3012 281 3060 mel
298 3011 445 3074 thymosum
460 3014 552 3064 dicitur
565 3012 721 3075 aptissimam,
734 3013 829 3062 omissa
840 3028 871 3062 ea
881 3029 916 3074 rs,
929 3014 971 3063 eui
982 3013 1015 3062 sit
1026 3020 1129 3075 aptum,
1140 3018 1166 3060 et
1178 3011 1271 3060 disma-

146 3079 234 3141 pantia
245 3079 277 3127 ab
288 3078 396 3128 Aristot.
409 3080 468 3130 hist.
481 3081 557 3130 anim.
570 3085 594 3140 9,
607 3086 648 3129 40.
660 3094 685 3141 p.
700 3077 768 3128 6261)
781 3085 831 3140 82,
843 3081 910 3130 unde
922 3094 969 3130 sna
980 3085 1048 3128 certe
1060 3093 1094 3127 ex
1112 3085 1184 3141 parte
1201 3092 1270 3128 sum-

145 3144 198 3209 psit
213 3145 280 3195 Plin.
297 3145 357 3194 Illic
373 3142 404 3195 τὸ
422 3143 526 3210 πυρρὸν
543 3146 636 3196 dicitur
651 3139 767 3212 αἴσχιον.
792 3146 959 3210 Corruptelae
970 3153 996 3195 et
1011 3146 1119 3194 lacunae
1139 3144 1271 3208 archetypi

145 3212 255 3277 pessime
266 3219 327 3263 sunt
337 3213 504 3278 interpolatae
515 3221 541 3265 et
552 3214 669 3277 expletae
681 3231 697 3264 a
711 3213 832 3274 ntraffis,
850 3222 876 3264 et
891 3229 978 3265 omnes
999 3219 1106 3262 conatus
1121 3225 1196 3261 verae
1211 3211 1271 3260 scri-

145 3288 236 3345 pturae
247 3281 424 3344 restituendae,
438 3283 541 3346 qualem
552 3283 617 3332 inter
632 3283 697 3333 alios
708 3281 768 3332 fecit
779 3281 834 3331 Ian.
846 3281 865 3333 l.
876 3283 903 3345 l.,
914 3282 978 3331 irriti
989 3280 1109 3331 habendi.
1128 3319 1160 3329 -
1178 3275 1272 3340 οοίονίς,

146 3349 179 3400 lt
197 3348 279 3398 eximii
288 3348 380 3412 colora,
393 3350 445 3401 Td.
458 3391 490 3400 ..
511 3348 583 3408 Quod
585 3348 654 3412 fiad
666 3346 752 3413 (codd.
765 3347 836 3412 Gal.)
854 3365 901 3414 quo
911 3348 951 3411 sit,
963 3350 994 3400 R.
1007 3388 1039 3398 ..
1055 3344 1272 3410 patrm-pinque,

147 3424 265 3481 corrupta
282 3419 346 3467 haec
363 3434 418 3469 esse
433 3422 509 3469 docet
524 3418 644 3470 Schneid.
661 3421 693 3469 ad
709 3419 784 3470 Verr.
801 3419 833 3468 de
848 3433 875 3467 re
891 3423 953 3469 rust
970 3413 1238 3478 111.1o,aaasaea
1248 3419 1273 3461 et

146 3481 246 3533 aucte
258 3483 371 3548 liquidam
382 3487 493 3537 coniicit.
503 3485 607 3551 foliola,
616 3487 705 3539 Dalec.
724 3525 756 3536 ..
771 3485 877 3550 pinguia,
888 3487 921 3538 R.
940 3525 972 3536 ..
990 3498 1074 3545 erere,
1087 3496 1138 3533 om.
1149 3483 1174 3533 d.
1192 3497 1227 3545 re,
1238 3482 1271 3532 R.

148 3590 181 3599 -
198 3552 319 3614 aegrescit,
330 3554 362 3602 R.
380 3568 406 3601 eo
417 3553 507 3615 creadt,
520 3556 544 3606 d.
562 3595 594 3605 -
611 3552 716 3616 minime,
728 3553 799 3605 Rdr.
817 3550 974 3615 incomitiare,
986 3546 1016 3613 β.

182 3639 251 3701 §aa
275 3641 379 3705 primm
390 3643 578 3709 nobilitatrali.
597 3685 629 3695 ..
646 3644 841 3706 aeramina
860 3685 892 3695 -
918 3635 1115 3712 erealess'rd.
1132 3636 1216 3704 eust.
1239 3681 1272 3692 ...

148 3724 216 3772 acra,
228 3709 302 3759 codd.
314 3708 371 3760 Gel.
389 3725 423 3772 re,
434 3710 488 3761 Ed.

182 3796 256 3860 §ld
283 3789 530 3857 Gamo,1t9TKd.
561 3790 708 3872 Thoaimfl.
732 3836 765 3845 ..
787 3784 966 3858 plenae‚R0.
993 3791 1072 3856 pleni,
1089 3788 1173 3870 deep
1204 3790 1271 3872 (ap.

149 3861 264 3915 Gronov.
276 3862 309 3913 ad
321 3867 362 3923 21,
376 3858 430 3926 12.)
441 3856 471 3923 β.
490 3902 522 3911 ..
540 3859 610 3924 alva,
622 3858 651 3925 β.
669 3902 702 3912 ..
720 3861 821 3924 initium,
834 3860 987 3913 om.Ambr.
1000 3859 1022 3909 1.
1045 3899 1077 3909 ..
1099 3870 1144 3922 cap
1199 3857 1272 3923 rubr,

147 3923 259 3982 Bora.
278 3927 429 3995 caprfficiali,
441 3931 514 3981 codd.
527 3929 640 3980 Turneb.
652 3932 709 3981 adv.
723 3935 763 3992 1⁰,
776 3935 799 3979 6.
816 3926 995 3994 captatorem,
1006 3923 1035 3991 β.
1054 3967 1086 3978 ..
1104 3924 1150 3991 die,
1163 3928 1216 3979 Td.

183 4025 256 4086 541.
278 4020 378 4088 myrice,
395 4024 447 4074 Rd.
470 4020 544 4085 errae,
560 4017 613 4087 βγ.
634 4023 669 4074 V.
686 4027 732 4086 at,
748 4025 789 4073 67.
807 4061 841 4072 ...
861 4019 1017 4085 (ligualid.
1039 4018 1159 4085 Gipaitrrr,
1170 4018 1221 4087 βγ.
1239 4061 1272 4074 .-

150 4097 261 4152 erortae,
272 4092 310 4142 ita
320 4106 368 4142 nos
380 4091 534 4156 scripsimus.
551 4096 671 4153 mutuas,
680 4090 715 4141 Β.
737 4096 827 4159 aare,
839 4084 912 4153 dssr.
929 4089 997 4141 Ado.
1015 4096 1105 4141 notem
1116 4097 1271 4156 sequemur.

151 4195 183 4206 ..
201 4171 232 4206 aa
242 4165 306 4220 απῑε,
316 4160 390 4210 codd.
402 4159 482 4211 Hard.
500 4175 530 4208 ex
540 4174 565 4220 a,
577 4158 609 4208 R.
625 4173 669 4207 aar
679 4172 704 4218 a,
715 4158 768 4209 Td.
785 4173 810 4220 o,
821 4151 851 4220 β.
868 4157 902 4208 V.
914 4157 999 4209 Hand.
1011 4158 1120 4211 {lumell
1134 4164 1156 4223 1,
1169 4163 1226 4212 362.
1239 4196 1271 4208 ..

148 4222 207 4287 prit,
219 4223 251 4275 R.
275 4264 306 4276 ...
329 4227 515 4291 compartietur.
539 4266 570 4279 ..
589 4221 797 4290 dr'esXILPint.
815 4222 958 4286 diaxrll,
969 4225 1057 4279 Dalee.
1228 4238 1232 4243 “
