2896 4800
138 208 219 289 408'
487 240 691 289 aerumma
712 241 908 291 mesonma

136 415 264 479 quoque
287 390 458 460 Oomelius
485 394 699 463 existumavit.
735 393 812 461 Una
839 394 914 460 vitis
935 393 1058 462 Romae
1085 395 1120 461 in
1141 395 1261 466 Liviae

137 496 314 582 porticibus
336 495 490 564 subdialia
511 496 778 567 inambulationes
797 496 958 564 umbrosis
971 498 1118 586 pergulis
1131 511 1261 586 opacat,

138 598 250 664 eadem
270 590 428 663 duodenis
448 598 547 664 musti
560 598 724 685 amphoris
738 599 887 666 fecunda
909 598 1169 685 Ulmoaquidem
1183 601 1260 668 ubi·
1276 623 1309 670 ra

138 722 201 785 que
222 709 427 787 exsuperant,
454 699 668 785 miratumque
695 699 897 767 altitudinem
925 701 1188 769 earum-Ariciae
1210 703 1261 771 fe·

136 814 212 868 runt
231 803 376 891 legatum
396 802 484 890 regis
503 800 602 886 Pyrri·
621 799 745 868 (lineari
766 802 874 869 facete
899 803 1017 869 lusisse
1044 804 1080 870 in
1100 805 1261 872 austerio·

135 927 205 971 rem
225 914 358 991 gustum
379 901 456 982 vini,
482 902 597 969 merito
625 914 759 971 matrem
786 902 856 971 eius
882 904 1024 991 pendere
1050 904 1085 970 in
1106 916 1172 971 tam
1192 906 1262 974 alta

137 1029 242 1074 cruce.
264 1005 480 1092 Rumpotinns
501 1016 635 1072 vocatur
655 1015 689 1073 et
709 1005 772 1073 alio
793 1008 922 1077 nomine
943 1006 1060 1093 opulus
1079 1006 1176 1073 arbor
1187 1007 1261 1075 Ita·

135 1110 198 1176 liae
218 1107 346 1173 Padum
368 1107 586 1196 transgressis,
609 1108 702 1174 cuius
722 1109 864 1177 tabulata
885 1109 922 1174 in
941 1108 1054 1175 orbem
1073 1109 1185 1195 patula
1204 1131 1260 1176 re·
1295 1154 1299 1161 -

136 1211 226 1298 plant
249 1229 397 1296 puroque
421 1209 595 1296 perductae
623 1209 763 1276 dracone
788 1209 824 1276 in
850 1210 991 1297 palmam
1016 1208 1088 1276 eius
1118 1209 1196 1278 inde
1225 1212 1262 1277 iu

138 1309 304 1377 subrectas
324 1332 486 1376 minorum
507 1310 629 1399 digitos
649 1309 776 1398 flagella
797 1310 998 1398 dispergunt.
1020 1309 1166 1379 Eaedem
1186 1334 1260 1379 mo-
1275 1334 1308 1381 rs

136 1412 201 1479 dici
221 1412 359 1481 hominis
378 1411 546 1478 altitudine
561 1411 806 1480 adminiculatae
821 1414 955 1480 sudibus
969 1413 1101 1479 horrent
1113 1413 1261 1484 vineam.

136 1537 201 1602 que
222 1514 355 1592 faciunt,
377 1523 410 1581 et
430 1514 512 1579 aliae
533 1513 669 1598 inprobo
689 1524 820 1601 reptatu
833 1515 1122 1602 pampinorumque
1142 1515 1262 1601 peritia

137 1616 257 1684 domini
278 1615 426 1682 discursu
448 1615 530 1681 atria
550 1614 657 1682 media
678 1616 877 1703 complentes.
899 1616 963 1683 Tot
985 1617 1184 1683 differentias
1205 1617 1260 1684 vel

137 1717 207 1785 sola
227 1729 353 1785 tantum
368 1717 467 1786 Italia
486 1715 612 1804 recipit.
648 1716 723 1784 Stat
743 1717 981 1804 provinciarum
1000 1718 1180 1803 aliquarum
1199 1740 1262 1805 per

138 1842 172 1888 se
193 1820 268 1887 vitis
290 1820 359 1887 sins
384 1819 451 1887 ullo
477 1819 678 1907 pedamento,
704 1842 800 1887 arcus
825 1842 903 1888 suos
927 1820 967 1887 irs
989 1842 1029 1887 se
1047 1819 1203 1908 colligens
1226 1831 1261 1888 et

171 1995 253 2058 lunae,
270 2013 291 2047 r.
314 2037 346 2047 ..
364 1997 629 2062 porticibus‚'l'acdr.
648 1990 811 2062 portibus,ss.
834 2036 867 2046 ..
889 1991 1068 2058 subdivales,r.
1090 2035 1122 2046 ...
1142 1984 1262 2059 perpulis,

136 2065 245 2118 STscd
257 2061 343 2127 (codd.
357 2065 413 2118 (iel.
425 2075 451 2118 et
462 2068 576 2118 Tnmsbi
587 2070 643 2119 adv.
656 2071 698 2128 2⁴,
708 2063 763 2130 ab.)
780 2060 904 2130 opercula,
916 2080 936 2115 r.
984 2082 986 2086 ³

170 2168 238 2232 §la
261 2165 383 2230 mmiar.
407 2209 439 2218 ..
461 2175 612 2234 exsuperant,
625 2168 649 2217 d.
671 2165 880 2225 emeberaauacr.
902 2205 934 2215 ..
956 2161 1158 2228 Rumpotr'ass,d
1179 2160 1260 2212 Rum-

136 2234 206 2296 tiaus,
217 2250 260 2286 ac.
276 2234 442 2298 Rumbodona,
450 2232 480 2299 β.
492 2277 524 2287 ..
544 2235 634 2302 opulus,
646 2236 735 2287 Dalec.
745 2233 890 2285 excolam.
901 2234 936 2283 V.
950 2236 973 2294 7,
987 2239 1009 2283 l.
1024 2231 1134 2296 populus,
1145 2226 1260 2296 acdssr.

135 2303 170 2352 V.
183 2302 301 2354 Schneid.
314 2305 347 2354 sd
359 2304 461 2356 Colum.
472 2305 490 2354 l.
506 2305 524 2355 l.
540 2320 566 2370 p.
579 2309 637 2356 aba
650 2318 688 2368 sq.
706 2342 739 2353 -
753 2299 892 2365 perductae,
907 2293 1027 2351 OTacd.
1045 2296 1169 2364 perducto,
1184 2301 1260 2351 codd.

136 2371 215 2421 Τιιιιι.
229 2368 353 2435 prodacto,
364 2366 394 2434 β.
412 2413 445 2422 ..
463 2371 488 2421 ia
499 2373 630 2437 subreptas,
642 2372 706 2422 aed.
723 2369 767 2420 sub
777 2375 861 2432 rectos,
873 2369 946 2419 codd.
958 2369 1038 2419 Turn.

170 2469 185 2531 S
199 2476 238 2521 1³.
255 2468 357 2535 Badera,
370 2487 391 2523 c.
399 2495 434 2524 ·..
446 2471 546 2523 bominis
556 2470 689 2535 altitudine,
699 2472 742 2523 cd.
753 2469 864 2533 lamiam,
873 2488 896 2521 a.
908 2510 941 2520 ..
952 2467 1025 2532 aliae,
1038 2469 1112 2521 codd.
1120 2467 1202 2521 Herc.
1211 2465 1260 2533 (l).

136 2536 196 2598 alla,
207 2553 251 2588 ac.
272 2537 355 2602 altam,
368 2542 392 2591 d.
410 2580 443 2603 .‚.
456 2541 677 2605 pampinorumque,
689 2542 754 2593 aad.
773 2539 985 2604 pampinorumque
995 2535 1166 2602 superfluitate,
1176 2532 1207 2601 β.
1223 2576 1259 2588 .-

133 2603 247 2668 pettam
258 2603 355 2668 damna,
372 2610 436 2658 aod.
450 2608 541 2671 peritia
552 2607 659 2670 lamiam,
670 2607 704 2658 K.
723 2646 756 2657 -
778 2604 893 2668 descursu,
905 2609 970 2657 aad.
988 2603 1067 2669 amplo
1078 2603 1195 2667 discursu,
1206 2600 1258 2670 βγ.

138 2712 171 2721 ..
188 2671 313 2736 compleat,
327 2674 419 2724 Dalec
440 2677 564 2739 Magnam
579 2677 606 2725 in
621 2675 671 2726 hac
686 2675 792 2739 periodo
805 2675 913 2737 grassmi
929 2673 1099 2737 corruptelam
1113 2673 1194 2723 mults
1209 2673 1259 2722 do-

137 2746 203 2800 cent,
216 2747 242 2790 et
250 2741 361 2804 primum
372 2742 474 2806 quidem
484 2744 562 2799 rerba
576 2749 600 2791 et
610 2741 674 2792 cltbs
681 2740 856 2805 *complentes
866 2742 933 2794 iusta
944 2749 1070 2794 suucaua
1081 2747 1173 2801 ament,
1188 2742 1259 2791 unda

136 2807 297 2873 Dalecampii
312 2809 475 2874 interpolatio
492 2818 560 2874 orta;
576 2811 667 2873 deiude
684 2811 768 2874 ipsum
784 2816 807 2858 et
822 2807 887 2858 aliae
897 2816 997 2873 praeter
1014 2823 1117 2858 omnem
1131 2822 1205 2858 usum
1218 2807 1259 2856 di-

137 2876 210 2936 dtur,
229 2883 285 2926 tum
304 2877 382 2927 verba
401 2876 539 2942 vineamque
551 2876 652 2940 jucium
671 2878 744 2927 nullo
761 2879 839 2927 modo
855 2877 981 2941 prioribus
996 2876 1079 2927 verbis
1094 2875 1259 2936 conveniant,

135 2943 229 3062 pm‘pns
239 2949 326 2995 tamen
334 2952 394 2997 sunt
401 2946 545 2997 coniuncta
556 2946 623 3000 Nam
632 2947 762 3010 quomodo
770 2946 841 3007 vitea
851 2959 916 3009 quas
924 2945 1030 2996 sudibus
1037 2944 1148 3004 horrent,
1156 2944 1259 2996 tineam

192 3025 219 3062 rc
230 3013 280 3063 dici
290 3021 405 3078 possunt,
418 3029 476 3064 cum
487 3015 514 3065 lr.
526 3015 544 3065 l.
556 3028 610 3065 uon
620 3017 653 3065 de
663 3014 785 3080 pluribus,
798 3014 844 3064 scd
856 3013 887 3063 de
899 3012 938 3062 siu
985 3012 1006 3062 ‘s
1017 3011 1110 3067 ritihus
1122 3012 1155 3061 sit
1166 3025 1260 3072 sermo,

135 3079 163 3130 id
174 3080 251 3144 quod,
267 3081 316 3132 nisi
325 3095 373 3146 per
383 3094 410 3133 se
421 3089 526 3146 pateret,
538 3098 572 3134 ex
582 3083 665 3133 verbis
676 3081 840 3146 sequentibus
851 3080 989 3130 clarissime
999 3080 1091 3143 prodit,
1108 3078 1154 3129 ubi
1164 3078 1261 3143 pariter

135 3163 188 3199 non
204 3150 236 3200 de
251 3149 365 3214 pluribus
380 3151 481 3212 vitibus,
497 3152 543 3202 sed
558 3154 590 3203 de
605 3152 696 3201 vitium
710 3158 802 3206 natura
812 3149 929 3207 universa.
941 3147 1047 3206 dicitur?
1064 3147 1119 3198 Has
1129 3160 1190 3196 aero
1202 3147 1260 3196 ine.

135 3217 209 3280 ptias,
226 3232 289 3280 quas
300 3219 400 3271 omissis
412 3221 489 3268 modo
501 3234 541 3268 vv.
552 3217 714 3282 superfluitate
726 3225 751 3268 et
759 3214 847 3280 amplo,
863 3223 892 3266 ut
908 3229 973 3279 quas
988 3215 1016 3264 in
1027 3215 1100 3264 nullo
1112 3214 1200 3263 codice
1212 3228 1260 3263 ax-

136 3291 211 3346 stent,
228 3287 335 3336 intactas
351 3287 450 3350 reliqui,
467 3294 497 3336 ut
517 3294 542 3336 et
552 3286 660 3336 liberum
671 3287 801 3336 arbitrium
812 3284 949 3334 lectoribus
961 3283 1130 3347 permitterem
1142 3287 1167 3328 at
1177 3281 1260 3330 ratio-

135 3367 195 3402 nem
207 3355 390 3405 emendationis
401 3354 492 3404 melius
502 3354 664 3417 explicarem,
676 3352 914 3416 interpolationibus
925 3351 1083 3406 librariorum
1095 3347 1258 3425 studitarum

135 3421 363 3471 vetustissimorum
379 3422 464 3472 deberi
479 3421 572 3472 docent
583 3422 699 3471 codicum
709 3421 832 3471 lectiones
843 3433 920 3482 supra
931 3419 1030 3478 adame,
1045 3429 1062 3465 e
1081 3413 1171 3480 qulbus
1181 3413 1259 3468 locus

136 3487 173 3536 ita
187 3488 349 3549 refingendus
365 3495 413 3538 est:
428 3485 536 3536 Eaedem
552 3486 640 3537 modici
654 3487 753 3536 hominm
764 3484 890 3536 altitudime
901 3481 1083 3538 maculatque
1093 3478 1190 3535 taddeus
1201 3479 1259 3538 lwt-

136 3561 190 3604 reat
205 3552 342 3618 vineamque
356 3555 458 3618 socium
472 3571 485 3604 e
501 3553 583 3604 talea
599 3555 705 3620 improbo
721 3562 816 3619 reptatu
827 3553 1040 3619 pampinorumque
1059 3548 1203 3616 proiecto
1226 3548 1259 3599 t'a

135 3639 255 3673 scamna
267 3621 375 3672 discursu
386 3622 452 3673 atria
463 3622 542 3674 medea
553 3623 697 3690 complentes.
709 3625 777 3674 Plin.
786 3623 890 3684 scilicet,
898 3629 1036 3688 postquam
1047 3620 1074 3671 in
1085 3617 1260 3683 superioribus

135 3692 217 3743 varias
232 3692 352 3753 rationes,
370 3692 461 3756 quibus
476 3693 540 3744 vites
555 3693 692 3756 surgebant
704 3700 729 3744 et
741 3691 904 3752 ducebantur,
922 3687 1061 3752 descripsit,
1078 3687 1130 3738 iam
1145 3687 1259 3737 maxime

136 3761 247 3811 diversas
268 3760 330 3811 duas
345 3762 457 3812 rationes
472 3769 578 3812 naturae
597 3776 685 3811 aarum
707 3761 784 3820 addit,
805 3767 834 3809 ut
849 3767 893 3809 aut
909 3758 1026 3822 singulae
1040 3757 1168 3815 horreant,
1189 3757 1259 3818 quod

136 3828 274 3878 etiamnum
291 3829 318 3878 in
334 3830 426 3879 nostris
437 3829 518 3880 vincis
529 3830 651 3880 usitatum
662 3837 708 3891 est,
725 3836 770 3879 ant
780 3828 807 3877 in
818 3827 941 3890 impluvio
957 3832 1013 3875 tota
1024 3824 1090 3874 atria
1106 3822 1258 3886 compleant.

135 3895 194 3944 Hoc
208 3897 328 3947 altimum
344 3911 391 3947 suo
408 3911 480 3946 more
493 3898 531 3947 ita
546 3904 662 3958 exornat,
678 3905 708 3947 ut
724 3898 802 3946 vitem
818 3895 934 3945 extales
950 3900 1104 3944 crescentem
1120 3889 1146 3940 id
1158 3889 1259 3940 efficere

137 3961 217 4024 dicat3
235 3965 341 4028 opponit
351 3965 429 4028 igitur
438 3965 539 4014 vineam
550 3979 642 4028 parvae
653 3965 744 4026 taleae,
761 3964 852 4027 quibus
863 3963 912 4012 sibi
923 3961 1048 4026 oppositis
1058 3959 1210 4010 miraculum
1220 3957 1259 4006 rei

137 4029 228 4080 elanus
238 4033 328 4082 reddit.
340 4032 450 4083 Mutatio
462 4047 522 4083 vero
533 4040 620 4084 nostra
631 4047 712 4095 paene
723 4033 795 4083 nulla
806 4038 852 4092 est,
864 4031 886 4081 si
899 4030 1040 4081 litterarum
1052 4030 1151 4087 ductus,
1169 4025 1259 4090 quales

136 4103 197 4147 sunt
211 4098 238 4146 in
254 4099 391 4162 codicibus,
405 4101 558 4164 inspexerim
575 4098 662 4150 mam
677 4115 739 4151 vero
755 4103 787 4152 de
802 4100 895 4150 vitibus
912 4111 1015 4160 quoqne
1027 4096 1076 4146 dici
1088 4095 1165 4146 docet
1177 4094 1258 4146 Caln-

136 4163 214 4213 mella
225 4163 274 4215 ΠΙ.
288 4170 327 4227 17,
341 4171 362 4216 1.
375 4176 401 4220 et
412 4169 566 4232 praepositio
578 4184 608 4217 ee
618 4169 645 4218 in
658 4169 840 4220 mutationibus
853 4179 939 4217 rerum
950 4166 1042 4215 eodem
1053 4164 1131 4216 modo
1143 4177 1161 4212 a
1170 4164 1259 4215 Plinio

137 4239 259 4297 usurpata
269 4233 394 4286 iuvenitur
407 4239 430 4297 7,
442 4242 483 4288 ub.
501 4237 544 4288 Ex
555 4237 605 4289 hac
616 4251 675 4288 varo
687 4236 755 4290 talea
765 4235 880 4302 pampini
892 4234 1036 4286 discurrunt
1046 4234 1074 4287 iu
1084 4246 1189 4286 scamna
1199 4247 1258 4298 pro-
1295 4250 1297 4255 ·
