2896 4800
394 346 464 394 nrn.
478 345 540 392 v11.
570 341 823 391 cnr.v1..vm.
854 339 952 388 secr.
968 342 1019 385 es.
1158 390 1172 413 ι
1226 324 1265 386 15

148 501 312 567 damnum
333 495 465 582 quidem
486 495 556 563 eius
577 494 753 563 existumas
775 491 833 561 sed
853 502 996 579 partum
1019 501 1056 559 tu
1076 493 1169 562 cuius
1181 512 1266 562 sem-
1280 510 1313 556 ec

148 622 208 688 per
229 597 377 666 tinctoria
397 606 448 666 est
474 616 582 680 mens,
608 603 646 660 tu
671 593 728 681 qui
749 603 780 660 te
802 593 898 660 deum
919 591 1038 672 credis,
1065 593 1171 679 aliquo
1192 615 1268 663 suo·

149 720 245 769 cessu
272 709 394 778 tumes,
427 696 510 763 tanti
535 694 643 783 perire
668 694 803 783 potuisti
829 703 928 780 atque
956 691 1054 760 etiam
1084 694 1181 762 hodic
1205 697 1268 766 mi·

151 801 240 870 noris
270 810 377 888 potes,
410 796 564 885 quantulo
595 796 754 884 serpentis
784 795 869 863 ictus
899 793 998 862 dente
1029 804 1087 860 aut
1115 795 1213 862 etiam
1231 807 1281 873 ut,

150 902 323 969 Anacreon
341 908 439 987 poeta
460 898 552 966 acino
571 920 656 966 uvae
677 916 802 984 passae,
823 905 861 961 ut
879 894 1003 962 Fabius
1017 891 1154 961 Senator
1173 917 1268 983 prae-

149 1013 200 1070 tor
222 1003 258 1069 in
283 1000 376 1070 lectis
401 1000 522 1068 haustu
547 1020 614 1065 uno
637 998 705 1086 pilo
732 995 961 1086 strangulatus.
985 993 1022 1062 Is
1043 994 1173 1062 demum
1192 1017 1268 1083 pro-

150 1105 236 1172 fecto
262 1103 364 1170 vitam
392 1123 497 1186 aequa
522 1100 614 1168 lance
641 1097 825 1186 pensitabit,
854 1097 911 1183 qui
937 1117 1065 1183 semper
1085 1094 1270 1183 fragilitatis

147 1205 307 1270 hnmanae
325 1223 449 1269 memor
468 1199 575 1268 fuerit.

192 1301 287 1370 VIII.
311 1303 341 1370 6.
377 1301 420 1368 In
445 1302 546 1389 pedes
570 1299 747 1388 procedere
774 1307 958 1366 nascentem
986 1306 1097 1366 contra
1122 1305 1271 1363 naturam
1282 1316 1315 1360 es
1381 1368 1384 1375 ,

152 1413 213 1484 est,
236 1424 299 1488 quo
320 1413 511 1491 argumento
533 1422 591 1469 eos
612 1401 816 1488 appellavere
836 1398 1004 1485 Agrippas
1024 1406 1063 1462 ut
1082 1397 1173 1486 aegri
1193 1420 1270 1485 par·

152 1515 215 1586 tus,
242 1504 380 1590 qualiter
406 1512 439 1570 et
458 1502 509 1569 M.
529 1503 716 1592 Agrippam
736 1501 847 1568 ferunt
867 1499 1025 1588 genitum,
1052 1499 1148 1567 unico
1168 1520 1271 1587 prope

149 1605 310 1674 felicitatis
349 1604 497 1692 exemplo
532 1604 568 1670 in
606 1603 756 1672 omnibus
786 1602 830 1669 ad
860 1601 947 1669 hunc
977 1600 1110 1668 modum
1140 1600 1269 1690 genitis,

150 1727 346 1793 quamquam
365 1704 395 1772 is
416 1725 545 1791 quoque
565 1705 704 1772 adversa
723 1702 846 1791 pedum
864 1702 1060 1782 valetudine,
1081 1702 1198 1768 misera
1217 1700 1270 1767 iu-

149 1817 258 1886 venta,
287 1805 430 1874 exercito
451 1826 532 1873 aevo
553 1805 639 1873 inter
658 1825 749 1872 arma
768 1804 946 1890 mortisque
967 1803 1106 1871 obnoxio
1127 1823 1270 1879 accessu,

83 1931 88 1936 ·
148 1906 272 1974 infelici
295 1907 389 1974 terris
411 1909 512 1994 stirpe
533 1908 620 1973 omni
640 1906 699 1975 sed
724 1927 785 1993 per
804 1915 960 1992 utrasque
979 1902 1181 1992 Agrippinae
1200 1924 1270 1968 ma-

149 2029 261 2087 xume,
302 2028 385 2094 quae
411 2003 548 2086 Gaium,
588 2027 671 2092 quae
704 2005 886 2073 Domitium
917 2003 1080 2072 Neronem
1109 2003 1272 2090 principes

149 2130 292 2196 genuere
319 2108 454 2175 totidem
484 2107 566 2174 facis
591 2107 721 2194 generis
746 2106 891 2185 humani,
917 2114 1087 2191 praeterea
1114 2104 1271 2168 brevitate

149 2209 237 2285 aevi,
264 2207 533 2292 quinquagesimo
560 2227 626 2270 uno
651 2213 765 2288 raptus
791 2225 874 2268 anno
895 2203 931 2267 in
955 2198 1125 2266 tormentis
1145 2199 1270 2265 adulte-
1365 2253 1368 2257 ,

149 2305 271 2368 riorum
298 2304 446 2386 coniugis
474 2301 642 2383 socerique
667 2300 839 2387 praegravi
865 2298 1012 2377 servitio,
1038 2297 1139 2365 luisse
1165 2320 1272 2388 augu-

151 2400 241 2467 rium»
253 2401 454 2488 praeposteri
475 2398 592 2467 natalis
613 2400 835 2468 existumatur.
855 2399 1019 2468 Neronem
1033 2421 1161 2488 quoque
1174 2402 1271 2490 paulo
1285 2419 1317 2465 aa
1363 2450 1368 2457 .

151 2511 227 2569 ante
254 2501 435 2589 principem
463 2513 497 2570 et
525 2512 592 2569 toto
617 2502 803 2589 principatu
830 2524 889 2571 suo
914 2503 1039 2570 hostem
1059 2504 1189 2594 generis
1208 2504 1271 2571 hu·

148 2707 443 2775 que,Rd(codd.Gel.)
469 2707 673 2775 atquirfflob.)
699 2749 731 2759 ..
757 2707 891 2773 quantulos,
903 2712 927 2762 d.
945 2749 979 2760 ..
1005 2710 1128 2773 scaeua
1145 2711 1271 2773 aarum

150 2775 242 2840 (Rob.)
267 2818 300 2828 ..
325 2777 444 2842 Senator,
459 2792 603 2842 cognomen
618 2777 700 2839 Fabii,
712 2779 781 2840 quod
791 2778 900 2828 eliorum
911 2778 988 2828 etiam
998 2778 1133 2828 hominum
1142 2778 1203 2841 fuit;
1219 2779 1269 2830 vid.

148 2845 224 2911 Varr.
235 2845 268 2896 Β.
279 2845 312 2897 B.
324 2845 360 2897 IL
373 2853 397 2908 5,
411 2851 434 2896 l.
446 2854 472 2898 et
482 2846 599 2910 Inscript
611 2860 653 2910 ap.
666 2845 745 2896 Orell.
757 2845 836 2910 ampl.
848 2845 909 2894 coll.
921 2847 997 2898 37³5.
1015 2845 1092 2911 Quod
1102 2860 1161 2896 cum
1170 2845 1272 2910 fugeret

148 2912 614 2978 Pintianumrocemproetorinpotc
625 2912 739 2964 mumma
765 2950 799 2963 -
824 2909 923 2976 Marto,
938 2914 963 2965 d.
990 2953 1023 2966 ..
1048 2910 1221 2978 manechon,
1236 2913 1270 2965 B.

148 2979 319 3045 atraequlntur,
331 2985 355 3033 d.
372 2980 547 3046 scorpittctas,
561 2973 590 3031 θ.

186 3080 201 3140 5
214 3087 256 3131 ⁴5·
269 3079 406 3144 7707771770»
414 3082 440 3133 Β
448 3078 540 3144 (3017)
556 3079 686 3144 willera
698 3073 771 3132 θΤᾶ
782 3077 823 3143 (in
834 3076 913 3142 corr.)
923 3082 1046 3143 Maroae,
1056 3078 1122 3131 liber
1131 3080 1271 3131 vetustissi-

149 3162 206 3197 mus
216 3147 323 3199 Salmas.
332 3163 414 3199 exerc.
422 3164 451 3279 p
461 3154 502 3199 23.
514 3148 579 3199 aA
595 3148 658 3198 Vid.
666 3148 746 3198 Arist
755 3155 820 3212 part
829 3148 932 3198 animal.
942 3155 967 3210 4,
976 3154 1000 3199 9.
1009 3150 1048 3199 ed.
1056 3148 1141 3199 Bekk.
1153 3155 1181 3198 et
1189 3146 1270 3199 Solin.

152 3220 175 3276 l,
190 3220 230 3266 65.
248 3255 281 3264 ..
299 3231 353 3279 quo,
363 3216 411 3267 Rd
434 3213 563 3278 Murbac)
584 3231 662 3279 equo,
673 3215 740 3267 Rob.
762 3231 793 3263 ex
804 3231 858 3278 quo,
869 3231 890 3266 r.
907 3254 941 3268 ...
963 3215 1133 3280 oepripcrtus,
1148 3208 1178 3267 θ.
1199 3230 1271 3280 cepre

145 3290 242 3346 partus,
258 3285 305 3335 Rc
322 3282 407 3348 (codd.
424 3282 555 3347 sumas),
569 3299 643 3349 oepre
655 3290 749 3347 partos,
765 3284 832 3334 Rob.
848 3279 901 3348 βγ.
919 3323 952 3334 ...
967 3291 999 3347 et,
1014 3277 1118 3336 ΒθΤᾱ
1130 3281 1270 3348 (Murbec.)

150 3351 238 3402 Omitt.
250 3347 302 3415 βγ.
319 3392 353 3404 ..
370 3351 568 3414 valitudinem
579 3348 619 3414 (in
630 3348 693 3414 ras.)
709 3391 742 3403 ..
760 3350 897 3414 uocitata,
910 3352 962 3403 Ta
980 3390 1013 3403 ..
1030 3360 1167 3416 mortesque,
1178 3354 1210 3403 Β.
1228 3351 1270 3401 lac·

148 3424 248 3480 sterque,
260 3420 314 3470 Tc.
331 3427 480 3484 mortemque,
491 3421 606 3472 Murbac
622 3417 744 3483 horreaque
756 3427 779 3470 et
788 3418 825 3470 od
835 3427 939 3482 mortem,
950 3420 983 3471 K
1001 3459 1035 3470 ...
1058 3420 1156 3470 coemto
1167 3434 1270 3481 mssa,

149 3499 170 3533 r.
188 3483 291 3534 adnecto
302 3501 405 3550 occasu,
415 3489 442 3540 R
453 3485 594 3551 (Marbac.)
610 3485 738 3538 aduenam
749 3503 876 3548 cormeum,
887 3489 941 3540 Τά.
962 3485 998 3536 od
1007 3488 1083 3538 noxio
1093 3503 1207 3547 morerer,
1218 3481 1269 3548 βγ.

151 3549 310 3602 Conlecturis
325 3555 385 3614 plus
401 3556 517 3605 minasve
532 3555 653 3606 violentis
667 3563 695 3606 et
710 3556 921 3619 explicationibus
937 3555 1060 3606 contortis
1074 3556 1136 3605 hinc
1152 3552 1271 3602 derivatis

151 3615 216 3664 haec
231 3616 307 3664 verbe
323 3626 488 3670 attrectarunt
498 3622 576 3683 Pina,
592 3621 700 3673 Salmas.
712 3629 739 3672 et
750 3623 831 3674 Gron.
842 3624 876 3672 ad
887 3621 975 3672 Senes.
987 3623 1019 3671 de
1029 3621 1067 3670 ire
1079 3627 1103 3680 3,
1116 3627 1149 3679 8.,
1162 3632 1270 3680 querum

152 3681 267 3730 omnium
278 3682 351 3731 nulla
362 3689 401 3732 est
411 3697 494 3746 neque
503 3690 647 3738 necessaria
656 3703 741 3752 neque
751 3689 898 3752 probabilis.
913 3687 981 3736 Ptin.
994 3687 1092 3735 scilicet
1102 3698 1136 3734 ex
1146 3684 1270 3747 scripture

150 3749 245 3799 codicis
256 3763 273 3798 a
283 3748 358 3799 nobis
369 3755 471 3812 recepta
482 3751 544 3800 dicit
554 3753 697 3816 Agrippam
708 3769 809 3817 semper
823 3755 890 3803 inter
899 3767 970 3801 arma
980 3757 1127 3813 mortesque
1141 3758 1270 3802 versatam

150 3831 206 3869 esse
217 3817 262 3879 ita,
273 3824 303 3868 ut
314 3819 347 3868 ed
359 3831 390 3868 ca
400 3813 522 3866 accederet
535 3815 586 3880 (uti
601 3819 712 3868 mcedere
727 3818 762 3868 acl
776 3817 883 3880 aliquem
898 3832 946 3865 rem
961 3832 1038 3882 saepe
1052 3819 1144 3870 dicitur
1157 3834 1204 3885 pro
1216 3835 1269 3869 eom

149 3884 275 3950 mopere,
291 3900 420 3950 raperere,
436 3885 497 3935 coll.
513 3885 623 3936 Freunu
638 3887 865 3948 lex.11ng.Lat.s.
878 3885 904 3934 h.
920 3899 944 3934 v.
958 3882 995 3948 7.)
1017 3885 1130 3937 alacrius
1144 3889 1161 3939 i.
1179 3903 1200 3939 e.
1216 3904 1269 3940 nou

150 3954 202 4005 suis
214 3954 334 4018 auspiciis
345 3969 400 4005 rem
410 3967 509 4017 gerens,
519 3955 564 4006 sed
575 3967 674 4018 semper
683 3952 812 4017 voluntati
822 3960 899 4017 atque
909 3952 1015 4017 imperio
1027 3955 1138 4019 alterius,
1150 3956 1268 4010 Octavia·

149 4023 177 4073 ni
188 4021 310 4086 Augusti,
326 4023 450 4084 subditus,
468 4036 519 4085 qno
536 4035 619 4082 sensu,
635 4028 665 4072 ut
680 4020 714 4072 sit
728 4021 796 4072 idem
810 4020 863 4072 iere
875 4023 943 4084 quod
954 4023 1053 4086 legibus
1064 4025 1174 4074 aliorum
1185 4025 1268 4076 subie·

150 4095 228 4150 ctum,
245 4091 315 4140 haud
330 4105 387 4141 raro
404 4090 471 4140 illud
486 4090 638 4140 adiectirum
654 4089 761 4152 legitur3
776 4104 801 4139 v.
816 4088 947 4140 Drakenb.
964 4093 997 4142 ad
1007 4091 1064 4143 Lis.
1079 4093 1127 4144 VL
1139 4099 1180 4153 28,
1194 4095 1216 4144 7.
1234 4133 1267 4142 .-

150 4154 326 4217 infelici-aed
332 4173 386 4222 per,
398 4158 430 4208 R.
451 4156 581 4220 iraselr'cr'crr‘
589 4155 663 4223 stirpe
673 4156 748 4206 omnia
759 4153 841 4219 (omui,
853 4154 889 4220 T)
910 4173 989 4222 super,
1000 4159 1055 4210 Tu
1073 4199 1106 4210 ..
1127 4159 1224 4222 Gaium,
1234 4161 1267 4210 R.

151 4260 184 4272 -
201 4237 271 4286 rrae
282 4225 327 4276 13¹·
345 4240 457 4289 murm,
469 4227 515 4277 13²·
538 4238 613 4289 rrae
625 4228 650 4278 a
672 4231 703 4287 a,
713 4219 764 4290 ssr·
781 4264 815 4275 -
831 4224 971 4290 maure
981 4228 1006 4278 «t
1023 4266 1057 4278 -
1071 4226 1223 4291 praepare,
1235 4228 1267 4280 B·

150 4328 184 4340 ..
197 4291 351 4356 praeposteri
360 4291 458 4357 matt,
468 4292 495 4345 R
505 4289 645 4359 (Matheo)
658 4291 826 4360 precam
836 4291 903 4357 atie,
913 4296 938 4347 d.
951 4293 1103 4361 praeposteri
1112 4301 1184 4357 orara
1196 4309 1216 4345 r.
1255 4330 1258 4337 -
