2896 4800
67 258 72 264 ’
139 237 203 302 stt
444 266 450 279 ·
492 254 697 303 seruantis
720 256 916 305 msronmn
977 252 980 257 ·

183 405 320 472 ΧΧΠΙ.
355 407 405 472 25.
437 404 548 474 Nuces
570 429 724 475 vocamus
745 419 778 475 et
798 419 965 474 castaneas
987 430 1183 494 quamquam
1206 413 1267 477 ad·
1281 432 1314 477 aa

141 509 408 576 commedatiercs
430 510 596 596 glandium
618 512 740 598 generi.
776 511 947 577 Armatam
969 510 1019 577 his
1041 511 1189 580 echinato
1211 537 1267 579 ea·

140 613 212 696 lyce
233 611 362 690 vallum,
385 612 472 695 quod
494 612 676 679 inchoatum
697 611 880 700 glandibus,
908 611 1087 697 mirumque
1108 613 1268 680 vilissima

139 735 211 778 csse
233 735 315 796 quae
338 724 426 776 tanta
448 712 655 778 occultaverit
677 736 754 779 cura
775 724 917 778 naturae.
956 713 1048 778 Trini
1069 714 1268 799 quibusdam

137 826 250 902 partus
271 837 312 879 ex
333 836 398 877 une
420 813 529 898 calyce
550 826 725 899 cortexque
746 815 869 890 lentus3
902 835 1061 900 proxuma
1087 837 1165 881 vere
1192 837 1267 882 cer-

137 916 209 1003 pori
231 914 416 980 membrana
437 926 469 980 et
490 915 524 980 in
545 916 596 980 his
618 916 706 982 etin
726 916 865 982 nucibus
888 937 1036 1002 saperem
1057 917 1090 981 ni
1112 916 1267 983 detraha-

138 1030 191 1084 tur
219 1018 359 1083 infestat.
396 1016 535 1082 Terrore
561 1017 619 1082 has
646 1017 679 1082 in
702 1017 783 1085 cibis
809 1018 951 1106 gratius3
979 1018 1205 1104 moluntuxque
1234 1027 1267 1084 et
1279 1037 1312 1083 ea

137 1129 303 1206 praestant
329 1119 363 1183 in
392 1117 512 1183 ieiunio
541 1119 732 1184 feminarum
758 1119 920 1204 quandam
951 1119 1126 1207 imaginem
1157 1119 1267 1206 panis.

138 1220 297 1288 Sardibus
323 1221 384 1286 hae
411 1243 587 1308 provenere
615 1221 755 1308 primum
762 1246 771 1299 3
801 1219 875 1286 ideo
901 1221 990 1306 apud
1016 1218 1162 1287 Graecos
1184 1218 1266 1287 Sar·

137 1324 250 1390 dianes
272 1323 404 1390 balanos
432 1323 609 1409 appellant3
639 1346 715 1388 nam
736 1322 820 1388 Dies
848 1322 999 1388 balanum
1027 1333 1140 1409 postea
1168 1324 1266 1409 inpo-

138 1449 230 1492 suere
252 1424 530 1492 excellentioribus
553 1435 625 1489 satu
647 1424 749 1490 factis.
772 1423 867 1489 Nunc
888 1424 984 1509 plura
1005 1446 1116 1489 earum
1130 1447 1265 1513 genera.
1331 1471 1337 1478 -

137 1526 331 1592 Tarentinae
353 1524 466 1590 faciles
486 1546 547 1589 nec
568 1545 721 1610 operosae
747 1523 830 1603 cibo,
857 1524 973 1610 planae
998 1524 1122 1612 figura3
1150 1536 1266 1591 retun-

138 1627 210 1692 dier
237 1648 319 1710 quae
347 1625 498 1691 balanitis
528 1636 678 1704 vocatur,
706 1624 888 1712 purgabilia
916 1648 1066 1691 maxume
1094 1636 1127 1691 et
1148 1638 1267 1713 sponte

136 1727 320 1815 prosiliens,
341 1749 434 1813 pura.
458 1725 563 1793 Plana
578 1737 627 1792 est
646 1738 678 1792 et
693 1724 870 1806 Salariana,
887 1726 1062 1792 Tarentina
1075 1725 1183 1791 minus
1197 1735 1266 1791 tra·
1278 1746 1310 1791 as

137 1829 275 1915 stabilis,
298 1828 459 1895 laudatior
482 1826 664 1895 Corelliana
686 1838 718 1893 et
740 1849 781 1893 ex
803 1850 842 1893 ea
861 1828 955 1906 facta,
975 1849 1040 1913 quo
1062 1826 1208 1894 dicemus
1230 1827 1266 1891 in

135 1931 241 1998 insitis
262 1931 368 2011 mede,
398 1930 571 1997 Etereiana
592 1951 688 2015 quam
714 1930 833 1995 rubens
860 1940 970 1995 cortex
996 1929 1136 2015 praefert
1162 1928 1266 1994 trian-

137 2033 223 2122 gulis
252 2045 285 2100 et
311 2032 522 2121 popularibus
549 2031 652 2119 nigris
680 2053 764 2115 quae
786 2030 929 2096 coctivae
951 2040 1115 2096 vocantur.
1150 2028 1267 2096 Patria

135 2134 365 2201 laudatissimis
392 2134 569 2200 Tarentum
600 2143 633 2198 et
664 2131 699 2196 in
728 2129 909 2216 Campania
936 2129 1088 2218 Neapolis
1094 2154 1104 2207 3
1138 2141 1266 2197 ceterae

137 2260 230 2303 suum
257 2236 377 2322 pabulo
404 2236 600 2324 gignuntur,
635 2234 824 2320 scrupulosa
857 2233 987 2299 corticis
1018 2233 1103 2298 intra
1130 2233 1265 2299 nucleos

136 2360 264 2423 quoque
285 2337 509 2404 ruminatione.
1276 2338 1282 2351 ‘

177 2439 312 2506 XXIV.
345 2441 397 2506 26.
430 2438 530 2505 Haud
551 2438 664 2525 procul
685 2438 799 2506 abesse
826 2438 998 2504 videantur
1019 2447 1052 2504 et
1072 2436 1265 2522 praedulces
1277 2455 1310 2500 aa

138 2540 285 2624 siliquae,
315 2541 377 2606 nisi
406 2541 493 2626 quod
514 2541 548 2605 in
569 2541 620 2606 his
640 2539 712 2626 ipse
733 2539 896 2604 manditur
918 2548 1038 2605 cortex.
1073 2537 1265 2624 Digitorum

136 2640 240 2706 omnis
261 2642 429 2728 longitudo
451 2642 513 2706 illis
535 2652 568 2707 et
596 2642 724 2707 interim
751 2638 880 2719 falcata,
909 2640 1055 2728 pollicari
1081 2639 1264 2705 latitudine.

138 2738 282 2804 Glandes
306 2741 391 2805 inter
417 2763 513 2825 poma
541 2741 701 2807 numerari
728 2764 792 2807 nen
820 2751 967 2827 possunt,
995 2740 1206 2825 quamobrem
1226 2740 1262 2804 in

138 2865 197 2906 sua
218 2850 334 2907 natura
355 2840 511 2917 dicentur.

170 3023 238 3085 §92
260 3019 304 3083 bis,
320 3039 343 3073 a.
369 3022 411 3085 iis,
428 3018 499 3088 dssr.
517 3063 549 3073 ..
567 3021 654 3084 calice,
670 3038 687 3074 a
702 3019 837 3088 (saepius.)
856 3060 887 3072 ...
910 3035 972 3085 quae
987 3025 1077 3069 uetera
1092 3023 1162 3068 tanta
1177 3013 1260 3067 eccela

136 3103 204 3151 ctae,
215 3091 305 3140 Dalac.
325 3131 356 3140 ..
374 3090 497 3156 infestant,
509 3106 533 3140 a.

169 3155 185 3217 ξ
199 3163 239 3206 93.
255 3159 349 3222 pretias
361 3158 440 3220 etiem,
451 3159 484 3209 K.
503 3200 535 3208 ..
553 3157 723 3221 moliunturque,
735 3159 782 3209 D2.
800 3154 942 3206 medeletum
953 3161 996 3216 ret,
1007 3156 1054 3205 D¹.
1072 3149 1222 3213 modulatum,
1235 3166 1260 3200 a.

136 3222 295 3274 medietatatem
308 3240 347 3287 re,
359 3227 412 3276 Td.
439 3223 564 3276 Meluatur
575 3226 659 3287 etiam,
672 3228 743 3276 codd.
759 3225 818 3275 Gel.
829 3220 881 3289 fir.
908 3221 1028 3272 Melitara
1043 3221 1114 3270 etiam
1126 3218 1260 3283 praestan,

135 3293 240 3343 Barbar.
259 3335 290 3343 ..
310 3301 340 3354 et,
352 3311 368 3344 a
380 3291 465 3354 (codd.
480 3291 550 3357 Gal.)
568 3294 657 3344 Omitt.
668 3293 754 3344 DTd.
774 3332 806 3341 ..
821 3297 949 3356 praestant
959 3289 993 3351 in,
1003 3291 1095 3340 itanos
1104 3287 1259 3350 scripsimus.

132 3361 276 3423 praestanti,
287 3361 392 3411 D'l'ad.
412 3368 547 3425 praedem,
559 3356 610 3426 βγ.
628 3401 661 3410 ..
679 3359 780 3423 inperio,
797 3359 824 3409 S.
850 3358 896 3408 Uti
912 3358 1029 3408 homines
1044 3353 1209 3420 superstitiosi
1225 3353 1257 3400 li-

136 3430 211 3477 berae
227 3429 263 3478 rei
279 3429 395 3490 publicae
410 3430 535 3492 vergentis
552 3439 578 3478 et
594 3428 732 3480 Caesarum
747 3426 903 3490 temporibus
920 3425 1015 3474 ieiunia
1029 3435 1156 3474 sacrorum
1172 3424 1257 3468 exter-

135 3511 237 3557 norum,
249 3497 287 3544 uti
296 3496 459 3546 Iudaicorum
470 3492 594 3557 (casaub.
607 3498 641 3547 ad
652 3496 721 3547 Suet.
733 3495 803 3557 Aug.
815 3491 876 3555 tta),
888 3494 1006 3556 agebant,
1017 3493 1053 3541 ita
1063 3492 1114 3541 iam
1126 3503 1148 3537 a.
1160 3503 1185 3536 u.
1199 3492 1258 3538 568.

136 3566 235 3615 Romae
250 3563 371 3613 ieiunium
388 3563 474 3614 Cereri
488 3564 633 3614 institutum
648 3571 687 3612 est
702 3562 769 3623 (Liv.
782 3567 823 3622 36,
836 3558 897 3623 ³7.).
919 3560 976 3610 Iam
991 3560 1071 3623 ipsius
1088 3559 1150 3607 deae
1164 3569 1261 3604 nomen

136 3639 162 3680 et
179 3634 248 3695 quod
264 3632 412 3694 exemplum
428 3632 694 3696 Thesmophoriorum
705 3630 838 3680 Romanos
855 3636 955 3679 secutos
966 3627 1044 3678 luisse
1055 3631 1169 3690 apparet,
1185 3622 1260 3672 lemi-

136 3715 183 3748 nas
199 3700 313 3763 inprimis
328 3699 450 3749 ieiunium
467 3700 609 3749 exercuisse
624 3699 755 3763 probabile
766 3698 856 3756 reddit,
874 3711 939 3759 quae
954 3710 1047 3760 panem
1064 3708 1078 3743 e
1093 3692 1200 3742 nucibus
1217 3706 1258 3740 ca·

137 3768 230 3816 staneis
241 3773 368 3830 pararent,
380 3768 416 3817 uti
428 3767 531 3816 Atticae
543 3765 572 3815 ἐν
585 3764 621 3833 τῇ
634 3761 742 3831 νηστείᾳ
759 3781 773 3815 e
789 3779 896 3814 sesamo.
916 3804 947 3812 ..
966 3761 1018 3822 ltee,
1030 3779 1054 3812 a.
1072 3776 1122 3820 eae,
1134 3754 1206 3823 ᾰβγ.
1226 3797 1257 3807 ..

137 3835 200 3883 Dies
216 3833 326 3883 belenum
339 3842 431 3897 postea,
449 3837 524 3884 codd.
535 3835 615 3884 Hard.
637 3832 704 3883 divam
722 3831 833 3881 balanum
841 3839 935 3895 postea,
950 3823 1022 3880 θΤᾱ
1034 3827 1142 3892 (Rigalt.
1156 3827 1257 3876 Tbusn.

137 3918 177 3964 ap.
191 3903 298 3953 Salmas.
312 3909 535 3966 excapsatae.
549 3901 595 3964 G.)
616 3900 684 3952 diem
701 3899 812 3950 balanam
823 3907 915 3963 postea,
928 3915 952 3948 a.
974 3897 1043 3946 dieas
1058 3894 1167 3946 liberius
1174 3899 1260 3959 postea

139 3966 250 4018 balanum
263 3986 352 4031 nemen,
369 3965 397 4031 β.
424 3967 491 4027 Διὸς
504 3965 627 4031 βαλάνου
641 3977 727 4033 postea
738 3983 827 4029 nemen,
838 3968 940 4026 Balce,
957 3980 1040 4029 neque
1056 3965 1202 4027 negandum
1212 3976 1259 4010 ve-

138 4050 193 4084 ccm
205 4053 286 4086 nemen
298 4040 341 4087 vix
353 4041 441 4088 abesse
452 4052 534 4101 posse.
554 4079 585 4087 -
604 4037 740 4100 imposuere,
756 4029 848 4085 OTad
859 4032 945 4096 (codd.
958 4031 1079 4095 Salmas.)
1101 4028 1218 4094 imposuit,
1228 4022 1259 4089 β.

138 4143 170 4152 -
188 4110 261 4163 statu,
273 4109 309 4155 ad
322 4106 408 4167 (codd.
421 4104 544 4167 Salmas.)
562 4147 593 4154 -
612 4120 730 4169 operosae,
752 4097 869 4153 OTadr.
892 4107 1061 4165 operesesuat,
1072 4095 1102 4160 β.
1121 4138 1152 4148 ..
1169 4096 1260 4160 phanee

129 4172 218 4233 ⁸lipara
230 4169 359 4221 retundier.
381 4172 456 4236 Quae,
468 4167 497 4223 θ.
516 4213 547 4223 ,.
563 4189 635 4236 para,
645 4190 667 4222 a.
682 4171 765 4236 plara,
776 4174 830 4223 Dd.
849 4172 945 4221 Omnes
956 4169 983 4218 hi
995 4170 1068 4218 codd.
1082 4183 1140 4217 cum
1151 4161 1197 4229 βγ
1207 4165 1260 4214 hec

137 4238 289 4289 adiectivum
302 4241 333 4289 ad
345 4246 493 4304 sequentem
504 4242 693 4306 paragraphum
704 4239 823 4301 referunt,
833 4253 882 4302 ege
891 4237 1049 4302 adproxime
1058 4237 1259 4302 praecedentem.
