2896 4800
121 260 163 323 36
473 272 680 323 snrunsus
700 272 896 321 nrsromss

121 432 280 511 pronepos
307 425 380 491 cius
405 422 571 490 Uticensis
598 421 683 490 Cato
716 448 816 490 unum
843 447 886 491 ex
913 426 1080 492 tribunatu
1106 430 1244 497 militum

119 526 359 613 philosophum,
386 524 524 591 alterum
549 547 592 591 ex
618 524 744 612 Cypria
762 526 924 612 legatione
944 527 1138 614 deportavit,
1164 554 1243 597 ean·

119 629 259 712 demque
285 627 431 713 linguam
460 649 501 692 ex
528 626 656 692 duobus
678 624 859 693 Catonibus
884 629 920 693 in
946 629 1002 694 illo
1023 630 1183 718 abegisae,
1209 634 1245 698 in

84 778 87 783 -
119 731 180 795 boc
197 731 384 814 inportasse
412 726 621 792 memorabile
647 740 706 792 est.
743 725 812 793 Sed
839 740 872 793 et
899 742 1080 797 nostrorum
1107 734 1310 821 gloriamur

118 852 374 919 percenseamus.
414 827 511 892 Prior
538 829 713 894 Africanus
736 827 780 910 Q.
802 829 889 894 Enni
911 842 1052 896 statuam
1074 833 1245 918 sepulchro

119 953 178 997 suo
198 931 309 1023 inponi
329 930 424 995 iussit
446 930 629 1014 clarumque
650 930 730 995 illud
751 953 879 1009 nomen,
900 933 999 998 immo
1013 956 1092 1002 vero
1106 935 1245 1021 spolium

119 1056 159 1099 ex
183 1032 277 1098 tertia
296 1031 384 1096 orbis
405 1042 497 1116 parte
518 1043 649 1117 raptum
668 1031 704 1094 in
724 1032 832 1097 cinere
861 1053 1012 1117 supremo
1034 1056 1108 1099 cum
1128 1048 1245 1121 poetae

120 1135 214 1199 titulo
234 1133 308 1214 legi.
338 1130 444 1198 Divos
464 1132 639 1220 Augustus
666 1133 809 1198 carmina
828 1132 957 1221 Vergili
977 1137 1111 1200 cremari
1132 1149 1245 1202 contra

119 1235 302 1302 testamenti
329 1235 398 1299 eius
424 1233 652 1300 verecundiam
678 1235 781 1300 vetuit
808 1235 977 1320 maiusque
998 1237 1044 1302 ita
1064 1239 1131 1303 vati
1152 1226 1243 1303 testi-

118 1337 262 1403 monium
285 1336 433 1422 contigit,
448 1359 545 1420 quam
567 1337 595 1401 si
615 1336 688 1422 ipse
703 1358 762 1401 sua
782 1337 995 1423 probavisset.
1020 1338 1069 1404 M.
1084 1339 1244 1404 Varronis
1258 1354 1307 1401 115

117 1438 153 1503 in
182 1437 377 1505 bibliotheca
412 1460 495 1522 quae
523 1437 629 1523 prima
656 1437 691 1502 in
718 1437 795 1502 orbe
822 1437 864 1502 ab
889 1438 1006 1503 Asinio
1030 1439 1176 1505 Pollione
1202 1462 1245 1505 ex

118 1540 278 1607 manubiis
307 1539 474 1626 publicata
499 1539 621 1604 Romae
648 1551 699 1604 est
725 1539 823 1603 unius
851 1539 989 1604 viventis
1010 1540 1116 1624 posita
1135 1540 1243 1625 imago

119 1652 179 1720 est,
210 1642 298 1706 haud
319 1643 452 1720 minore,
474 1651 512 1705 ut
532 1640 682 1726 equidem
702 1662 787 1718 reor,
809 1640 923 1726 gloria,
950 1641 1096 1727 principe
1117 1651 1243 1706 oratore

119 1754 153 1814 et
178 1744 247 1809 cive
273 1766 315 1809 ex
340 1743 396 1809 illa
420 1742 625 1828 ingeniorum
650 1763 734 1825 quae
760 1753 837 1808 tunc
865 1743 929 1808 fuit
954 1741 1158 1808 multitudine
1185 1741 1244 1807 uni

118 1844 202 1909 hanc
223 1866 378 1925 ‘coronam
405 1844 515 1922 dante,
542 1866 639 1927 quam
666 1865 740 1908 cum
766 1843 871 1909 eidem
896 1843 1041 1932 Magnus
1068 1843 1244 1931 Pompeius

119 1945 257 2030 piratico
279 1968 320 2009 ex
340 1946 427 2010 bello
448 1946 598 2009 navalem
619 1943 718 2008 dedit.
753 1943 1007 2013 Innumerabilia
1032 1947 1149 2013 deinde
1170 1954 1246 2011 sunt

120 2046 268 2132 exempla
293 2045 449 2125 Romana,
478 2046 506 2111 si
533 2044 684 2132 persequi
709 2043 819 2122 libeat,
847 2069 921 2111 cum
946 2050 1049 2135 pluris
1074 2072 1140 2114 una
1163 2067 1245 2134 gens

119 2149 155 2213 in
181 2169 384 2234 quocumque
411 2169 531 2237 genere
556 2146 693 2213 eximios
721 2146 829 2212 tulerit
856 2171 953 2234 quam
979 2163 1104 2217 ceterae
1132 2160 1244 2214 terrae.

121 2247 190 2315 Sed
211 2250 276 2337 quo
299 2262 342 2330 te,
370 2250 420 2316 M.
443 2249 542 2329 Tulli,
569 2249 696 2337 piaculo
724 2260 858 2329 mecam,
886 2273 990 2336 quove
1017 2273 1166 2319 maxume
1187 2262 1308 2314 err-116

122 2350 288 2417 cellentem
308 2352 428 2437 insigni
448 2350 653 2437 praedicem?
681 2370 747 2433 quo
767 2351 877 2436 potius
905 2374 1005 2437 quam
1024 2351 1166 2420 universi
1186 2373 1246 2437 po-

120 2453 189 2537 puli
209 2452 295 2516 illius
317 2451 425 2536 gentis
446 2450 645 2534 amplissimo
661 2449 853 2531 testimonio,
876 2474 894 2517 e
917 2463 982 2518 tota
1003 2455 1073 2518 vita
1093 2465 1149 2518 tua
1169 2474 1246 2517 con-
1274 2464 1282 2478 ·

123 2552 245 2617 sulatus
267 2560 392 2615 tantum
413 2549 564 2635 operibus
586 2548 719 2614 electis?
744 2550 792 2617 Te
814 2554 941 2619 dicente
960 2553 1067 2639 legem
1087 2554 1247 2639 agrariam

121 2652 183 2719 hoc
204 2662 253 2717 est
273 2651 426 2719 alimenta
447 2672 508 2715 sua
528 2647 759 2719 abdicaverunt
773 2654 887 2732 tribus,
910 2664 942 2718 te
957 2652 1112 2716 suadente
1122 2651 1245 2721 Roscio

123 2752 285 2820 theatralis
313 2751 436 2818 auctori
464 2749 546 2839 legis
572 2751 765 2841 ignoverunt
793 2765 983 2836 notatasque
1004 2774 1040 2816 se
1062 2751 1245 2818 discrimine

123 2856 210 2923 sedis
231 2877 334 2942 aequo
355 2853 462 2919 animo
483 2853 634 2937 tulerunt,
664 2867 695 2923 te
717 2866 829 2923 orante
850 2853 1105 2940 proscriptorum
1125 2853 1245 2921 liberos

157 3030 214 3090 eius,
227 3043 278 3079 om.
291 3029 329 3078 (1¹.
352 3069 382 3078 ..
407 3043 459 3093 uno,
475 3028 507 3082 B.
531 3072 561 3082 -
584 3031 609 3082 ia
625 3033 754 3094 tribunatu,
770 3029 860 3082 Dalec.
883 3070 915 3079 ..
938 3044 990 3078 eam
1007 3027 1117 3094 demque,
1138 3031 1245 3082 Salmas.

123 3094 233 3147 Eandem
245 3097 334 3161 itaque,
345 3096 434 3147 Dalec.
447 3139 478 3149 ..
490 3115 508 3147 a
519 3098 616 3163 duobus,
628 3103 652 3152 d.
666 3141 698 3150 ..
714 3099 748 3160 iu,
760 3114 811 3149 om.
820 3098 852 3148 R
866 3139 898 3148 ..
910 3095 976 3147 illum
992 3105 1019 3148 et
1030 3098 1098 3159 bunc,
1109 3100 1200 3149 Dalee.
1213 3137 1245 3146 ..

124 3165 238 3231 cispiaco,
251 3165 283 3216 T.
300 3163 411 3228 αὸίρίεεε,
422 3165 473 3216 Bd.
491 3167 609 3231 abacista,
620 3169 688 3219 Rob.
699 3164 750 3232 βγ.
761 3207 794 3217 ..
803 3165 958 3231 imperitasse,
969 3160 997 3216 θ.
1006 3206 1039 3216 ..
1054 3165 1168 3226 mirabile,
1179 3166 1246 3214 Rob.

158 3231 173 3293 5
188 3239 244 3282 114.
263 3246 354 3293 numen,
369 3226 398 3292 β
415 3273 448 3283 -
466 3251 526 3297 cum,
542 3237 574 3286 R.
592 3235 625 3296 in,
638 3239 663 3286 d.
680 3277 713 3286 ..
732 3233 792 3299 regi,
809 3252 830 3284 r.
848 3273 881 3283 ..
902 3231 1053 3294 vescenda,
1068 3234 1135 3282 Rob.
1154 3271 1186 3279 -
1204 3232 1247 3289 ita,

124 3314 176 3349 om.
189 3300 220 3349 Τ.
240 3338 271 3348 ..
289 3298 412 3358 vatilid.
435 3302 504 3363 uatis,
521 3304 552 3354 Τ.
577 3304 635 3355 Om.
651 3319 671 3354 r.
695 3343 727 3353 ..
745 3300 887 3364 ωηῑίφίι,Β
902 3297 994 3362 (Rob.)
1016 3297 1125 3362 coatepit,
1141 3297 1196 3345 Td.
1215 3335 1246 3344 ..

123 3382 177 3494 mi,
188 3359 248 3484 111ζόθ
252 3364 378 3497 'ridde-idio
368 3366 421 3486 lid)
430 3367 643 3499 Pocdbmdlibss
648 3451 694 3485 oro
705 3438 726 3495 t,
739 3438 763 3484 d.
781 3433 846 3495 urbe,
858 3432 963 3492 Sabell,
976 3430 1018 3480 cui
1029 3431 1145 3480 addicere
1157 3429 1249 3479 dicitnr

125 3502 152 3554 S.
163 3503 277 3552 Probaut
287 3503 356 3565 Lips.
368 3505 399 3554 de
410 3504 527 3557 biblioth.
538 3522 564 3571 p.
579 3507 653 3556 1187.
666 3510 692 3552 ot
700 3501 846 3551 Thorbeck.
858 3503 890 3550 de
898 3499 990 3549 Asinio
1002 3499 1122 3549 Pollione
1131 3513 1156 3562 p.
1167 3504 1207 3548 41.
1224 3497 1248 3545 in

126 3569 183 3618 urbe
200 3571 294 3620 omisso
311 3568 402 3620 Romae
417 3582 462 3624 aut
478 3572 571 3624 Romae
588 3571 683 3621 omisso
700 3568 724 3617 in
740 3569 795 3615 orbe
806 3568 913 3617 coniecit
925 3567 1042 3618 Torrent.
1055 3567 1189 3618 ad-Hcrat
1202 3573 1248 3616 sat.

125 3636 184 3700 14,
196 3643 238 3688 ts.
261 3635 443 3690 inurbechro
459 3637 658 3703 ab..putlicata
674 3642 717 3695 est,
734 3634 823 3685 Dalec.
843 3675 874 3686 -
893 3635 974 3697 ean.
996 3633 1032 3697 de,
1044 3637 1078 3686 K.
1101 3635 1159 3688 Om.
1173 3637 1197 3684 d.
1216 3673 1248 3683 ..

125 3705 203 3769 imaqo
215 3704 309 3755 omisso
325 3713 367 3768 eat,
382 3708 406 3757 d.
425 3748 457 3758 ..
474 3705 576 3773 gloriae,
594 3708 618 3755 d.
636 3744 668 3753 ..
687 3700 790 3765 dunum,
809 3704 834 3753 d.
853 3745 885 3753 -
903 3720 983 3768 quom,
1000 3721 1050 3755 om.
1064 3707 1088 3755 d.
1107 3743 1139 3752 ..
1157 3708 1248 3749 ceterae

126 3788 204 3822 omnes
217 3780 302 3834 terrae,
313 3789 332 3823 r.

161 3837 247 3899 5116.
266 3837 322 3900 Sed,
334 3842 383 3893 Br.
402 3840 454 3895 Sed
463 3849 492 3904 et,
505 3841 523 3890 d
534 3837 625 3904 (Rob.)
636 3852 661 3904 γ.
680 3879 713 3890 -
732 3855 777 3905 quo
790 3846 819 3899 te,
831 3838 856 3889 B
868 3835 960 3902 (Rob.)
977 3855 1024 3900 quo
1036 3844 1059 3884 et
1070 3844 1099 3896 tc,
1111 3833 1247 3908 Barbara

128 3903 187 3970 quid
197 3914 239 3967 ert,
252 3909 276 3958 d.
298 3906 356 3972 quid
367 3907 403 3972 de,
415 3905 445 3972 β.
464 3949 496 3960 ..
511 3906 641 3973 proculum,
653 3910 678 3959 d.
696 3950 728 3960 ..
743 3905 829 3974 popuii
839 3914 861 3954 et
873 3904 946 3965 iliius,
957 3922 971 3955 r
981 3898 1074 3964 (Rob.)
1096 3940 1128 3948 -.
1151 3896 1248 3960 amplts·
1360 3944 1369 3953 .

127 3973 188 4034 rimi,
200 3975 275 4026 codd.
288 3974 345 4027 Gcl.
361 4017 393 4027 ..
411 3984 441 4037 et,
453 3977 499 4028 Rd
511 3974 602 4041 (Rob.)
620 3984 643 4024 et
654 3993 674 4039 e,
685 3992 728 4042 ry.
741 4017 773 4025 ..
786 3971 916 4031 stromat,
928 3971 994 4020 Rob.
1007 4008 1040 4016 -
1058 3964 1211 4027 connubium,
1224 3968 1248 4015 d.

128 4048 151 4088 ct
167 4048 215 4089 totu
230 4042 281 4092 vira
298 4052 339 4093 tua
355 4042 490 4093 consulatur
507 4043 569 4092 tanti
579 4043 688 4107 operibus
699 4043 802 4100 eiectum,
813 4041 883 4089 Pint.
899 4076 932 4086 ..
951 4033 1083 4099 agrariam,
1095 4036 1127 4085 R.
1148 4033 1250 4096 aquatio

129 4105 263 4172 lignarium,
275 4113 312 4163 (1¹.
331 4109 455 4175 agrariam
468 4108 603 4172 lignarium,
616 4114 653 4161 (1².
676 4109 811 4174 liquat-iam,
824 4106 889 4154 Rob·
901 4143 933 4152 -
951 4100 1099 4164 abdicarunt,
1111 4105 1144 4152 dr
1156 4099 1249 4165 (Mb)

129 4214 161 4227 .-
179 4179 277 4239 autori,
288 4179 342 4228 Rd.
360 4184 443 4226 auctor
455 4184 497 4234 est,
507 4172 536 4236 β.
554 4175 676 4225 seditionis
687 4173 780 4224 auctori
794 4170 864 4233 loyes,
876 4171 943 4220 Rob.
961 4210 993 4219 ..
1011 4178 1150 4233 notatusque
1161 4186 1186 4218 se
1198 4169 1248 4219 dis-

129 4241 440 4308 obtinueruntque.
453 4241 524 4305 Gel.)
552 4250 691 4306 notatusque
706 4239 785 4301 ames,
801 4237 906 4288 Barbar.
919 4238 970 4287 Τά.
996 4246 1135 4302 notatasque
1146 4255 1171 4288 se
1182 4239 1249 4303 iquo-

47 4478 167 4520 A
