2896 4800
362 247 433 293 um.
450 248 510 293 uu.
541 246 619 293 cae.
636 246 712 301 uxr.
727 246 815 293 xxu.
848 245 946 293 saer.
960 246 994 291 aa
1008 247 1040 290 24.
1196 228 1258 293 471

138 400 356 489 pinguescunt
376 407 547 465 vetustate.
571 396 648 464 Sola
663 398 844 464 differentia
864 418 1021 484 generum
1040 398 1075 461 in
1097 399 1260 484 putamine
1273 415 1305 458 ss

138 503 218 569 duro
241 500 399 587 fragilive,
422 509 454 564 et
477 498 564 564 tenui
586 510 642 563 aut
660 522 779 580 crasso,
800 499 941 566 loculoso
956 508 1012 563 aut
1026 498 1171 585 simplici.
1196 500 1260 567 So-

137 604 204 668 lum
224 603 286 668 hoc
306 624 436 689 pomum
459 611 573 666 natura
594 601 766 688 conpactili
788 601 984 688 operimento
1012 600 1141 677 clausit3
1169 625 1259 667 nam·

138 726 201 789 que
223 714 299 770 sunt
320 702 437 768 bifidae
459 703 661 788 putaminum
682 704 809 769 carinae
823 703 1074 785 nucleorumque
1096 702 1158 767 alia
1180 725 1261 786 qua·

138 805 307 892 dripertita
329 804 501 882 distinctio,
522 805 631 893 lignea
651 805 885 872 intercursante
906 801 1100 870 membrana.
1133 801 1261 870 Ceteris

138 906 296 991 quidquid
317 917 366 972 est
388 905 525 972 solidum
548 916 607 984 est,
629 906 722 970 utin
743 905 897 972 abellanis
920 915 952 970 et
973 906 1046 992 ipso
1060 927 1179 970 nucum
1200 927 1260 992 ge·

137 1031 214 1074 nere
241 1031 322 1093 quas
351 1019 444 1076 antea
470 1007 639 1074 Abellinas
666 1007 771 1094 patrio
804 1006 933 1073 nomine
965 1006 1190 1093 appellabant3
1227 1007 1262 1071 in

118 1108 252 1193 ‚Asiam
275 1107 507 1195 Graeciamque
530 1133 548 1174 e
569 1108 674 1175 Ponto
696 1132 814 1175 venere
841 1118 872 1174 et
897 1107 971 1174 ideo
997 1108 1085 1192 quod
1106 1107 1262 1174 Ponticae

137 1234 237 1278 nuces
258 1223 421 1281 vocantur.
453 1213 524 1278 Has
547 1234 675 1297 quoque
697 1212 800 1277 mollis
823 1210 966 1298 protegit
985 1210 1096 1289 barba,
1120 1211 1178 1275 sed
1198 1234 1261 1296 pu·
1275 1224 1307 1270 su

138 1314 249 1378 tamini
270 1316 455 1399 nucleisque
479 1315 581 1380 solida
602 1315 782 1382 rotunditas
804 1313 907 1391 inest3
938 1335 993 1378 cae
1020 1324 1053 1378 et
1081 1322 1260 1392 torrentur3

137 1414 307 1481 umbilicus
328 1416 391 1482 illis
413 1418 499 1481 intus
521 1416 560 1480 in
577 1426 689 1482 ventre
710 1415 826 1481 medio.
863 1414 974 1481 Tertia
1001 1414 1041 1481 ab
1069 1414 1119 1479 his
1147 1424 1263 1480 natura

137 1516 317 1603 amygdalis
339 1519 482 1584 tenuiore
503 1518 561 1583 sed
577 1518 672 1583 simili
691 1518 892 1605 iuglandium
914 1539 1038 1582 summo
1053 1518 1261 1603 operimento,

137 1615 214 1682 item
229 1620 370 1686 secundo
383 1620 572 1706 putaminis3
588 1620 720 1685 nucleus
735 1618 899 1685 dissimilis
911 1619 1080 1684 latitudine
1095 1628 1126 1684 et
1140 1620 1262 1685 acriore

138 1719 228 1785 callo.
261 1719 355 1787 Haec
377 1723 472 1788 arbor
493 1745 535 1786 an
556 1722 655 1787 fuerit
675 1722 710 1786 in
730 1721 826 1785 Italia
849 1718 985 1786 Catonis
1006 1731 1111 1786 aetate
1133 1720 1260 1786 dubita-
1276 1734 1308 1780 90

138 1829 199 1897 tur,
222 1822 373 1905 quoniam
388 1821 533 1888 Graecas
547 1823 690 1887 nominat
703 1844 784 1906 quas
799 1822 930 1906 quidam
953 1834 986 1887 et
1005 1822 1040 1887 in
1061 1822 1262 1908 iuglandium

137 1943 254 2008 genere
282 1934 428 1999 servant3
456 1924 556 1988 adicit
581 1935 749 2007 praeterea
776 1923 938 1988 abellanas
961 1933 994 1988 et
1015 1924 1135 2002 calvas,
1159 1922 1261 1988 Prae·

137 2021 291 2101 nestinas,
313 2045 393 2107 quas
414 2045 564 2088 maxume
585 2025 696 2089 laudat
718 2034 751 2090 et
772 2024 918 2097 conditas
939 2023 1009 2089 ollis
1030 2024 1170 2088 interra
1193 2046 1261 2087 ser-

136 2123 205 2188 vari
226 2123 340 2189 viridis
362 2124 469 2190 tradit.
492 2123 588 2189 Nunc
609 2125 751 2191 Thasiae
774 2137 807 2191 et
820 2125 980 2192 Albenses
1003 2124 1206 2191 celebrantur
1228 2135 1263 2188 et

137 2223 384 2290 Tarentinarum
411 2226 476 2291 duo
503 2248 625 2315 genera
657 2227 765 2314 fragili
791 2226 955 2313 putamine
982 2249 1020 2291 ac
1047 2225 1143 2304 duro,
1178 2246 1261 2307 quae
1288 2290 1289 2299 ,

137 2337 213 2389 sunt
233 2327 449 2412 amplissimae
470 2351 508 2393 ac
529 2328 670 2394 minume
691 2330 867 2407 rotundae,
897 2338 1065 2414 praeterea
1086 2325 1261 2391 molluscae

136 2436 290 2510 putamen
310 2439 507 2513 rumpentes.
542 2426 635 2494 Sunt
654 2432 712 2514 qui
737 2430 849 2496 honori
870 2453 987 2496 nomen
1007 2429 1261 2514 interpretentur
1274 2444 1303 2488 91

136 2536 170 2590 et
189 2525 277 2594 Iovis
298 2528 450 2614 glandem
471 2552 543 2595 esse
565 2530 683 2596 dicant.
719 2530 834 2617 Nuper
855 2530 1053 2597 consularem
1074 2529 1180 2595 virum
1201 2551 1259 2592 au-

136 2625 204 2693 divi
232 2627 350 2696 biferas
379 2642 412 2697 et
436 2631 599 2719 iuglandis
626 2655 727 2698 nuces
753 2632 871 2699 habere
900 2656 936 2699 se
957 2631 1168 2719 profitentem.
1205 2627 1261 2695 De

136 2729 281 2814 pistaciis
310 2742 342 2798 et
365 2733 440 2818 ipso
467 2757 588 2800 nucum
614 2757 734 2822 genere
760 2735 794 2800 in
822 2759 880 2801 suo
906 2737 976 2803 loco
1008 2734 1192 2811 retulimus3
1227 2741 1261 2798 et

136 2829 216 2897 haec
243 2844 350 2898 autem
377 2835 466 2900 idem
486 2836 637 2901 Vitellius
663 2837 698 2899 in
718 2835 846 2901 Italiam
874 2837 998 2921 primus
1018 2836 1125 2902 intulit
1146 2835 1260 2901 eodem

138 2941 280 3016 tempore
303 2933 460 3018 simulque
482 2935 516 2999 in
530 2935 723 3020 Hispaniam
737 2937 874 3003 Flaccus
888 2937 1064 3023 Pompeius
1079 2959 1177 3020 eques
1191 2936 1258 3001 Ro·

136 3053 251 3095 manus
274 3032 330 3115 qui
352 3054 425 3097 cum
446 3055 484 3098 eo
504 3033 670 3098 militabat.

136 3211 159 3252 et
170 3219 240 3266 quae,
252 3206 276 3254 d.
295 3245 327 3254 ..
342 3204 475 3269 yramdiue,
491 3224 514 3257 a.
533 3247 565 3257 ..
579 3215 679 3270 propter
694 3206 774 3257 oderis
788 3207 939 3273 pravitatem,
958 3209 1026 3259 delet
1040 3209 1108 3260 Pint.
1127 3251 1159 3259 ..
1177 3225 1258 3259 eurum

137 3270 208 3320 lanas
217 3287 303 3336 eorum,
315 3276 359 3323 ad.
378 3314 410 3324 ..
429 3281 563 3337 tracuamm,
576 3291 599 3324 a.

170 3360 185 3422 ξ
198 3364 238 3408 88.
257 3365 391 3421 aut-aut‚
403 3361 477 3410 Tad.
496 3367 598 3423 cac-et,
610 3355 659 3425 βγ.
678 3402 710 3411 -
729 3360 805 3424 opida
816 3370 841 3413 et
852 3376 932 3425 carue,
944 3378 967 3412 a.
985 3403 1018 3412 ..
1036 3360 1095 3424 alia,
1108 3355 1187 3412 OTd.
1206 3361 1260 3423 atii,

136 3442 160 3476 a.
177 3423 234 3482 itte,
245 3421 274 3486 β.
293 3467 325 3476 .-
342 3425 528 3491 quadripertita,
541 3422 590 3479 Oa.
609 3427 795 3494 quadripartita,
810 3426 909 3494 Τᾱβγ.
925 3468 954 3479 ..
974 3428 1092 3494 quiequid,
1102 3446 1124 3480 a.
1143 3471 1174 3481 ..
1193 3429 1258 3479 abel-

137 3491 207 3552 lanis,
221 3488 299 3542 era„
321 3493 446 3556 avellanas,
459 3491 531 3559 dssr.
551 3538 583 3547 -
600 3513 630 3545 err
641 3497 700 3560 apso,
712 3499 801 3548 Daleo.
820 3540 852 3548 -
869 3497 1002 3559 Abellinas,
1015 3501 1060 3550 ad.
1081 3496 1257 3560 Acclama

137 3557 225 3621 (codd.
242 3561 321 3610 Turn.
337 3564 393 3610 adv.
410 3561 518 3625 27‚17.)
537 3603 570 3613 ...
583 3564 689 3626 patriae,
701 3567 725 3615 d.
744 3606 776 3615 ..
794 3564 957 3630 appellabant,
973 3558 1071 3617 Grac.
1093 3568 1216 3628 vocabant,
1228 3562 1257 3628 β.

138 3665 169 3674 ..
188 3624 241 3674 ideo
252 3625 323 3689 quod,
335 3631 379 3679 ad.
402 3627 455 3677 ideo
467 3645 519 3692 que,
531 3631 564 3680 Τ.
587 3627 646 3692 adso,
657 3626 709 3697 βγ.

170 3712 238 3775 589.
257 3726 306 3773 eae,
319 3713 342 3761 d.
361 3710 427 3775 busa,
439 3729 462 3763 a.
480 3755 511 3763 ..
532 3712 601 3775 intus,
614 3729 665 3766 om.
678 3715 704 3767 S.
723 3757 755 3766 ..
774 3717 813 3780 ab,
825 3732 876 3767 om.
890 3733 912 3768 a.
931 3717 963 3780 iu,
976 3718 1000 3769 d.
1019 3759 1050 3769 -
1068 3717 1173 3781 secundi,
1185 3721 1209 3768 d.

170 3797 238 3912 590.
257 3795 369 3858 nominat,
386 3813 410 3846 v.
427 3796 492 3848 Cato
511 3799 542 3877 de
552 3814 584 3856 ¹rc
600 3807 661 3851 rust.
675 3807 698 3862 8,
711 3808 735 3851 2.
753 3843 786 3852 ..
804 3801 894 3864 sabas,
911 3803 985 3852 codd.
1002 3804 1081 3854 Tum.
1094 3805 1149 3854 adv.
1163 3807 1204 3865 27,
1218 3805 1257 3854 17.

135 3878 169 3927 po
179 3864 229 3922 bas,
245 3858 338 3929 adssr.
361 3864 395 3915 V.
412 3865 498 3916 Klotz.
515 3881 542 3916 m
556 3866 642 3917 Iahnii
657 3869 749 3919 horreo
764 3876 803 3930 10,
816 3876 858 3921 46.
877 3911 909 3921 ..
927 3869 1078 3933 Prsarum,
1091 3873 1165 3921 codd.
1178 3873 1256 3922 Turn.

136 3973 168 3982 -
186 3929 292 3995 Albeses,
305 3932 378 3985 STa.
400 3932 435 3983 V.
451 3933 553 3984 Muller.
570 3936 603 3984 ud
617 3937 686 3986 Fest.
703 3952 723 3986 s.
739 3934 763 3986 v}
781 3936 883 3988 Albesia
893 3954 918 4003 p.
931 3946 955 3989 4.
974 3979 1006 3989 ..
1025 3936 1191 4002 amplissimae,
1204 3941 1256 3991 To.

136 3998 340 4064 etamplissimaa
352 3996 449 4065 Saflr.
469 4042 501 4052 ..
520 4017 557 4064 ac,
573 3997 672 4054 OTad.
691 4012 721 4067 et,
733 4000 809 4071 Sssr.
1206 4024 1225 4057 r.

170 4085 238 4146 §91.
257 4082 347 4147 leucri,
359 4089 403 4137 ad.
427 4085 528 4149 boemus,
540 4083 590 4151 βγ.
610 4129 641 4138 -
660 4088 847 4154 iuterpreteutur,
859 4093 893 4141 D.
916 4091 1107 4156 interpretantur,
1120 4095 1205 4159 adrr.
1227 4134 1255 4143 0

136 4147 312 4212 dieant,Dad.
335 4151 422 4215 dabunt,
435 4169 477 4220 rr.
496 4197 527 4206 ,.
544 4156 668 4218 pastorias,
682 4160 704 4208 d.
726 4157 895 4222 plautatum.
915 4201 946 4210 -
965 4160 1093 4224 ipsaDd.
1118 4157 1256 4226 imbutis.

137 4258 167 4267 ..
187 4233 269 4269 nucum
280 4235 365 4284 cenem
376 4221 401 4272 ia
412 4240 453 4273 suo
466 4222 523 4286 loeo,
534 4225 568 4275 D.
587 4226 676 4278 omia.
688 4222 779 4294 adfir.
797 4269 828 4279 ..
848 4226 967 4278 retulimus
981 4235 1020 4292 la,
1034 4235 1073 4281 51.
