2896 4800
396 306 468 354 rna.
484 307 533 353 xr.
561 302 639 353 cnr.
656 304 800 352 v-vnr.
830 301 928 350 anor.
941 282 1009 347 Lu.
1199 286 1261 352 267

55 478 57 482 ‘
138 463 252 530 horum
267 482 351 548 quae
365 460 526 550 glutinum
539 457 681 546 pariunt,
702 456 819 536 salicis,
841 454 929 534 ulmi,
952 455 1150 536 harundinis,
1173 478 1260 537 suco,

139 562 271 651 gummi,
298 562 414 629 resina.
451 559 516 626 His
543 559 684 647 primum
710 560 815 624 alvom
841 557 946 644 ipsam
979 557 1068 624 intus
1096 569 1199 624 totum
1226 569 1263 625 ut
1278 567 1317 622 ις

140 665 277 749 quodam
310 661 444 730 tectorio
474 660 615 726 inlinunt
646 670 679 725 et
707 659 779 726 aliis
804 657 1014 726 amarioribus
1040 661 1126 727 sucis
1151 672 1265 728 contra

138 766 274 832 aliarum
294 764 502 831 bestiolarum
523 761 705 841 aviditates,
732 760 769 826 id
788 783 824 827 se
845 761 988 827 facturas
1010 763 1157 829 consciae
1177 762 1265 849 quod

141 865 327 954 concupisci
337 865 457 952 possit3
471 866 522 931 his
533 863 705 932 delusores
720 884 848 948 qnoque
861 862 992 929 latiores
1003 864 1263 932 circumstruunt.

181 968 259 1035 VII.
283 966 457 1034 6.·Prima
484 967 693 1055 fundamenta
722 964 899 1030 commosin
926 978 1043 1032 vocant
1069 968 1183 1055 periti,
1211 991 1263 1036 se·
1279 979 1310 1028 rt

141 1069 248 1138 cunda
268 1068 484 1157 pissocerons
496 1068 592 1136 tertia
612 1066 771 1157 propolin,
793 1067 877 1133 inter
898 1067 985 1132 coria
1007 1089 1173 1153 cerasque,
1194 1092 1265 1134 ma·
1372 1070 1375 1074 ’

140 1172 198 1261 gni
219 1172 261 1236 ad
281 1171 492 1238 medicamina
506 1193 596 1236 usus.
618 1167 800 1252 Commosis
822 1178 930 1233 crusta
950 1179 999 1234 est
1018 1169 1121 1254 prima
1143 1172 1266 1258 saporis

140 1273 256 1350 amari3
290 1261 472 1358 pissoceros
507 1293 604 1359 super
632 1293 704 1338 eam
732 1269 831 1349 venit,
864 1266 1046 1356 picantium
1066 1272 1173 1352 modo,
1206 1294 1265 1341 ceu

141 1375 271 1441 dilutior
299 1397 390 1453 oera;
425 1396 443 1441 e
470 1373 584 1440 vitium
609 1373 865 1460 populorumque
891 1371 1018 1439 mitiore
1046 1374 1164 1440 cummi
1188 1396 1265 1462 pro·

141 1476 223 1562 polis
246 1475 410 1542 crassioris
430 1475 494 1540 iam
507 1474 670 1552 materiae,
692 1471 812 1538 additis
832 1471 974 1553 floribus,
996 1473 1139 1540 nondum
1158 1485 1266 1543 tamen

143 1600 218 1645 cera
240 1579 299 1644 sed
320 1579 467 1643 favorum
488 1576 748 1654 stabilimentum,
772 1596 837 1659 qua
858 1597 968 1642 omnes
988 1574 1119 1662 frigoris
1140 1587 1196 1642 aut
1214 1577 1266 1644 in·

142 1665 257 1746 iuriae
269 1679 378 1746 aditus
401 1678 624 1756 obstruuntur,
646 1677 745 1744 odore
766 1687 799 1743 et
813 1675 885 1763 ipsa
900 1677 1082 1745 etiamnunc
1103 1679 1207 1767 gravi,
1229 1688 1267 1744 ut

142 1805 206 1868 qua
226 1782 372 1870 plerique
392 1804 452 1868 pro
473 1780 614 1870 galbano
635 1788 777 1845 utantur.

185 1889 216 1949 7.
242 1883 378 1951 Praeter
398 1884 478 1950 haec
500 1880 690 1949 convehitur
711 1879 852 1947 erithace
874 1903 971 1966 quam
992 1881 1092 1967 aliqui
1113 1883 1265 1949 sandara-
1282 1891 1311 1942 1⁷

143 2008 225 2064 cam,
252 1986 307 2051 alii
329 1984 507 2051 cerinthum
529 1993 657 2050 vocant.
692 1981 760 2047 Hic
782 1981 843 2047 erit
864 1982 973 2069 apium
996 1982 1074 2048 dum
1095 1995 1267 2072 operantur

143 2087 234 2154 cibus
255 2087 311 2172 qui
333 2109 431 2171 saepe
452 2085 614 2151 invenitur
634 2084 668 2149 in
695 2085 844 2150 favorum
864 2084 1073 2151 inanitatibus
1095 2088 1266 2174 sepositus,

142 2199 176 2254 et
196 2189 267 2275 ipse
289 2188 389 2252 amari
404 2186 545 2272 saporie3
568 2185 714 2272 gignitur
728 2195 837 2251 autem
851 2206 923 2252 rore
942 2185 1045 2253 verno
1063 2197 1096 2252 et
1116 2188 1267 2255 arborum

144 2310 232 2367 suco,
255 2288 429 2352 cummium
443 2286 548 2365 modo,
572 2286 663 2352 africi
677 2285 790 2365 minor,
813 2286 915 2352 austri
928 2287 1008 2354 flatu
1022 2289 1155 2376 nigrior,
1174 2292 1266 2374 aqui-

143 2389 270 2455 lonibus
291 2388 402 2454 melior
424 2397 458 2453 et
477 2386 607 2468 rubens,
629 2388 797 2474 plmumus
818 2387 852 2452 in
868 2386 1003 2455 Graecis
1024 2391 1171 2456 nucibus.
1192 2390 1268 2456 Me·

143 2501 289 2557 necrates
309 2489 420 2557 florem
441 2511 512 2556 esse
532 2489 621 2570 dicit,
643 2489 771 2556 futurae
784 2488 899 2556 messis
911 2491 1077 2570 indicium,
1101 2494 1159 2558 sed
1172 2516 1267 2560 nemo

143 2605 270 2680 praeter
291 2615 375 2659 eum.

184 2692 281 2760 VIII.
314 2696 345 2761 8.
379 2691 480 2761 Ceras
504 2716 545 2761 ex
566 2695 710 2761 omnium
732 2695 883 2763 arborum
905 2705 1114 2782 satorumque
1134 2698 1267 2766 floribus
1282 2710 1312 2755 ¹8

143 2796 331 2884 confingunt
365 2807 501 2883 excepta
527 2797 648 2863 rumice
676 2807 708 2862 et
736 2797 951 2884 echinopode3
989 2797 1162 2865 herbarum
1188 2801 1267 2867 haec

142 2920 272 2984 genera.
294 2896 392 2962 Falso
408 2896 569 2983 excipitur
590 2908 624 2962 et
646 2908 801 2982 spartum,
825 2900 946 2985 quippe
969 2900 1090 2964 cumin
1104 2900 1273 2988 Hispania¹

143 3071 229 3136 mitpu,
245 3072 284 3130 K,
302 3071 372 3134 quod
389 3071 457 3120 eth.
474 3070 492 3118 l.
511 3077 538 3120 et
553 3069 620 3120 infra
635 3068 746 3132 praefert
763 3069 909 3120 Schneider.
927 3074 959 3122 ad
975 3071 1083 3132 Aristot,
1098 3072 1116 3122 l.
1132 3074 1150 3122 1.
1168 3075 1200 3123 Τ.
1217 3075 1266 3126 ΠΙ.

143 3155 168 3204 p.
182 3146 238 3190 196.
253 3178 280 3188 -
293 3137 437 3203 pissocerou,
449 3132 614 3203 πισσόκηρος
624 3134 757 3186 Aristoteli
768 3137 786 3186 l.
798 3137 816 3186 t
828 3153 854 3200 p.
867 3142 937 3187 624⁸
950 3142 989 3189 17.
1009 3136 1149 3203 diametron,
1161 3142 1206 3191 Rd
1218 3140 1267 3204 (et.

145 3208 195 3257 iam
204 3204 293 3270 intra.)
303 3247 334 3256 ..
341 3203 446 3270 propoli,
458 3206 504 3255 Ill
515 3245 547 3253 ..
557 3203 646 3270 Motya,
657 3204 691 3254 Κ.
702 3244 733 3253 -
744 3211 826 3252 crustu
838 3212 873 3252 est
883 3204 964 3271 myra,
975 3206 1081 3257 Barbar.
1091 3249 1123 3257 ..
1130 3207 1267 3272 piscationis,

143 3275 231 3325 Daleo.
241 3317 272 3326 ..
283 3290 347 3334 cera,
359 3276 384 3325 R
392 3266 458 3324 θαι.
477 3288 536 3326 cere.
548 3272 580 3322 T.
598 3286 673 3333 cerae,
684 3272 813 3323 Barbarus
825 3280 850 3323 et
861 3268 883 3334 β
895 3275 928 3326 a'd
939 3275 1071 3341 sequentia
1081 3275 1224 3328 referentes.
1234 3318 1267 3327 -

144 3342 247 3392 evitium
256 3340 449 3408 populorumque,
461 3341 486 3392 R
494 3333 612 3392 Osrur.
640 3339 731 3390 initium
741 3338 879 3406 plerumque
891 3359 910 3404 e,
922 3339 951 3406 β.
971 3385 1003 3394 ..
1026 3343 1126 3406 mitiore,
1138 3346 1170 3396 R.
1189 3344 1268 3394 mitior

144 3417 185 3470 est,
197 3413 251 3460 Td.
271 3452 302 3460 .-
320 3410 411 3470 cummi,
423 3412 446 3461 d.
463 3409 559 3475 pummi,
570 3405 648 3474 Ββγ.
668 3450 699 3459 -
717 3407 858 3474 etiamnunc,
869 3412 923 3463 Rd.
941 3411 1074 3475 etiamnum,
1085 3408 1136 3479 βγ.
1164 3456 1196 3465 ..
1219 3431 1267 3478 pro

143 3475 246 3538 patemo
253 3476 369 3541 plerique,
382 3479 406 3527 d.

179 3577 193 3639 5
208 3578 247 3626 17.
270 3575 373 3625 Rueter
387 3577 459 3640 hum,
470 3595 495 3630 v.
507 3579 616 3630 Aristot.
627 3581 646 3630 l.
658 3581 675 3630 l.
689 3587 712 3640 5,
725 3587 765 3630 22.
777 3596 803 3644 p.
817 3587 884 3631 654ι
897 3589 937 3633 16.
958 3624 985 3632 -
1006 3600 1085 3647 apum,
1097 3579 1126 3645 β.
1145 3624 1177 3634 ..
1195 3599 1266 3646 sopo-

145 3640 181 3690 νίς
191 3641 268 3702 cibus,
283 3658 303 3691 r.
329 3643 423 3707 saporis
434 3644 479 3694 sed
484 3645 571 3710 plenus
582 3646 685 3696 humoris
697 3647 774 3708 cibus,
786 3649 819 3699 K.
839 3688 870 3697 -
892 3665 946 3698 rore
957 3651 1058 3708 marino,
1069 3653 1136 3701 Pint.
1155 3692 1186 3700 ..
1205 3667 1266 3699 com.

145 3708 227 3771 mium,
244 3710 270 3760 R
285 3708 343 3775 (ρφ
356 3727 396 3774 ap.
415 3712 527 3763 Gronov.
540 3716 574 3764 ad
586 3722 626 3775 22,
639 3713 693 3778 23.)
715 3705 838 3780 eommrffls,
851 3718 875 3765 d.
897 3718 992 3780 pummt,
1002 3712 1032 3778 β.
1052 3718 1187 3781 pummt'um,
1200 3717 1267 3769 Gro-

144 3792 203 3828 nov.
215 3791 239 3842 r.
263 3818 294 3827 ..
318 3776 393 3842 osrici
399 3798 406 3841 ;
424 3795 470 3844 pro
482 3781 509 3841 h.
521 3797 543 3831 v.
557 3785 618 3833 dant
629 3781 764 3846 copitofiei
773 3783 856 3844 RTd,
867 3786 935 3833 unde
946 3783 1052 3835 fortasse
1064 3786 1186 3834 cummium
1198 3785 1273 3840 modo,

144 3845 488 3911 cupitur,asricilegendum.
511 3890 542 3899 -
565 3866 594 3899 ex
609 3848 822 3909 Graecumue.
847 3891 878 3899 ..
894 3848 983 3914 florem
994 3854 1026 3910 ἔθ’,
1038 3852 1070 3901 R.
1080 3851 1147 3916 flore
1158 3869 1266 3916 incusem,

145 3915 169 3963 d.
191 3954 222 3964 ..
238 3914 343 3978 suturae
359 3915 440 3965 mesas
451 3913 570 3978 iudicium,
583 3920 665 3968 omitt.
677 3919 753 3982 Bur.
766 3917 805 3967 At
816 3933 839 3967 v.
852 3916 971 3968 Schneid.
984 3920 1035 3969 ind.
1048 3922 1144 3986 scriptt.
1156 3923 1192 3972 rei
1203 3933 1265 3975 rust.

144 3994 170 4044 p.
184 3987 240 4032 166.
252 3990 278 4032 et
289 3981 344 4034 Ian.
356 3984 383 4033 in
394 3990 476 4034 nuntt.
489 3985 539 4035 litt.
550 3986 653 4036 Monac.
668 3991 741 4037 1636.
753 4001 791 4035 nr.
805 3991 861 4037 166.
873 4002 898 4050 p.
911 3993 969 4038 263.

180 4081 195 4142 §
210 4087 249 4132 ts.
267 4082 415 4148 echiuopode,
426 4077 549 4136 moror
560 4082 663 4147 (omnes
675 4088 747 4137 codd.
760 4087 869 4139 Salmas.
883 4104 964 4141 exerc.
977 4107 1002 4156 p.
1016 4097 1073 4142 912.
1086 4108 1108 4143 a.
1122 4089 1165 4154 C.)
1183 4091 1265 4143 cheuc-

141 4144 213 4211 pode,
224 4143 254 4210 β.
267 4189 299 4200 ..
317 4165 411 4213 putero,
423 4166 475 4202 om
488 4154 513 4202 d.
530 4153 590 4205 Non
602 4153 687 4202 solum
698 4160 784 4204 autem
795 4155 846 4205 hoc
858 4159 1051 4221 substantivum,
1063 4163 1107 4212 sed
1119 4168 1175 4212 tota
1187 4176 1265 4212 enun-

145 4213 219 4334 multip
218 4213 308 4334 uqa}L
307 4215 330 4268 h.
341 4231 395 4282 qm.
406 4225 436 4270 nt
446 4219 560 4283 ineptum
572 4221 701 4284 glossema
712 4230 750 4273 est
760 4223 876 4275 delenda.
1022 4291 1062 4354 Π
