2896 4800
325 272 395 320 nra.
412 273 446 317 x.
477 268 834 317 assumamur.
862 267 959 316 suar.
981 269 1072 313 a-to.
1195 250 1255 316 221

140 439 199 507 tes,
222 424 415 491 continuatis
436 444 494 508 per
517 421 659 487 triduum
680 419 828 485 noctibus
849 428 938 484 tanto
959 419 1068 487 labore
1089 429 1126 485 ut
1138 421 1256 488 multas

137 529 172 593 in
194 550 291 614 opere
314 524 414 591 emori
442 533 565 588 constet
571 549 581 602 3
611 543 724 607 eaque
737 520 852 585 militia
876 520 940 586 illis
967 543 1039 586 cum
1065 543 1149 587 anno
1173 522 1259 589 redit

79 707 85 717 .
139 651 272 713 semper.
296 625 442 691 Tertium
464 634 514 689 est
535 646 645 689 earum
666 645 786 709 genus3
811 631 968 687 excavant
987 622 1075 707 ripas
1096 632 1192 706 atque
1212 623 1258 687 ita
1271 640 1303 684 aa

136 728 394 794 intemidificant.
430 725 558 791 Harum
583 725 664 809 pulli
691 724 733 788 ad
763 722 902 788 cinerem
928 721 1069 788 ambusti
1093 721 1258 787 mortifero

136 831 281 896 faucium
307 827 390 892 malo
417 826 589 910 multisque
617 825 687 890 aliis
714 824 834 890 morbis
860 824 992 889 humani
1020 823 1163 909 corporis
1188 845 1258 888 ma·

136 930 262 996 dentur.
305 928 381 993 Non
414 926 538 992 faciunt
570 927 631 992 hae
656 926 751 990 nidos
778 925 981 1011 migrantque
1008 923 1118 989 multis
1145 923 1258 990 diebus

139 1041 224 1109 ante,
249 1029 277 1095 si
297 1031 442 1095 futurum
464 1038 571 1094 estut
592 1038 705 1092 auctus
727 1026 830 1091 amnis
852 1025 1024 1114 attingant.

182 1132 232 1196 50.
261 1130 301 1194 In
322 1151 441 1217 genere
463 1128 693 1214 vitiparrarum
715 1138 764 1193 est
785 1128 838 1192 cui
858 1127 954 1193 nidus
976 1150 1017 1192 ex
1037 1150 1148 1194 musco
1169 1129 1259 1195 arido
1273 1144 1305 1189 aa

137 1233 185 1296 ita
216 1230 364 1296 absoluta
396 1229 560 1316 perficitur
592 1229 658 1315 pila
689 1239 725 1294 ut
749 1228 891 1294 inveniri
916 1251 981 1294 non
1006 1230 1110 1315 possit
1141 1229 1258 1296 aditus.

138 1332 342 1415 Acanthyllis
364 1332 545 1417 appellatur
567 1331 679 1396 eadem
699 1329 805 1415 figura
826 1352 867 1395 ex
886 1330 952 1395 lino
972 1331 1126 1396 intexens.
1162 1331 1259 1399 Pico-

139 1455 211 1498 rum
234 1433 350 1517 aliquis
373 1431 581 1517 suspenditur
603 1431 731 1497 surculo
752 1430 864 1516 primis
885 1431 920 1494 in
933 1432 1030 1496 ramis
1045 1432 1152 1515 cyathi
1166 1433 1260 1500 modo

139 1534 283 1599 utnulla
310 1533 482 1617 quadripes
510 1532 612 1618 possit
638 1531 799 1598 accedere.
838 1530 996 1620 Galgulos
1023 1534 1153 1617 quidem
1173 1535 1260 1621 ipsos

140 1632 351 1719 dependentis
371 1631 510 1717 pedibus
533 1655 680 1698 somnum
702 1654 817 1718 capere
839 1634 1036 1714 confirmant,
1065 1636 1141 1721 quia
1162 1637 1259 1701 tutio-

42 1769 50 1780 ·
139 1755 191 1799 res
212 1735 257 1799 ita
279 1756 313 1798 se
335 1744 474 1819 sperant.
500 1732 571 1798 Iam
593 1733 758 1819 publicum
780 1734 910 1818 quidem
931 1737 1074 1801 omnium
1095 1747 1145 1801 est
1166 1738 1260 1804 tabu·
1273 1748 1305 1796 at

141 1833 207 1897 lata
227 1856 389 1898 ramorum
410 1834 598 1899 sustinendo
619 1834 697 1899 nido
717 1835 852 1919 provide
875 1835 1005 1922 eligere,
1034 1858 1197 1901 camarare
1219 1837 1260 1901 ab

141 1932 236 2000 imbri
262 1944 318 1998 aut
343 1935 456 1999 fronde
483 1945 653 2022 protegere
681 1935 791 2000 densa.
825 1933 867 1997 In
892 1936 1015 2002 Arabia
1041 1936 1261 2020 cinnamolgus

142 2035 211 2101 avis
238 2036 434 2122 appellatum
469 2035 607 2099 cinnami
636 2035 772 2102 surculis
801 2035 962 2113 nidificat3
999 2035 1173 2122 plumbatis
1206 2060 1261 2103 eos
1370 2040 1373 2049 “

142 2136 270 2224 sagittis
296 2135 464 2203 decutiunt
491 2135 663 2221 indigenae
684 2136 799 2200 mercis
826 2136 938 2220 gratia.
974 2136 1016 2200 In
1038 2134 1170 2220 Scythis
1191 2138 1261 2203 avis

140 2237 363 2322 magnitudine
385 2235 482 2300 otidis
503 2236 597 2301 binos
617 2237 711 2320 parit,
739 2237 773 2300 in
798 2237 944 2322 leporina
969 2239 1053 2323 pelle
1080 2260 1207 2323 semper
1226 2240 1261 2303 in

143 2337 360 2403 cacuminibus
382 2358 544 2400 ramorum
567 2359 730 2422 suspensa.
751 2336 851 2403 Picae
867 2359 939 2403 cum
954 2339 1141 2427 diligentius
1155 2339 1261 2405 visum
1274 2352 1306 2398 9⁸

144 2438 185 2504 ab
206 2438 334 2503 homins
356 2436 469 2502 nidum
491 2461 619 2504 sensere
640 2460 702 2504 ova
723 2449 932 2526 transgerunt
952 2442 1024 2507 alio.
1060 2440 1135 2508 Hoc
1154 2441 1190 2506 in
1210 2443 1261 2507 his

144 2539 273 2616 avibus,
300 2561 436 2622 quarum
463 2539 557 2628 digiti
582 2562 646 2607 non
674 2540 738 2605 sint
763 2541 997 2608 adcommodati
1024 2544 1261 2629 conplectendis

144 2640 439 2724 transferendisque
461 2641 542 2719 ovis,
569 2640 650 2706 miro
672 2641 810 2706 traditur
830 2642 942 2720 modo;
970 2665 1110 2729 namque
1135 2644 1260 2712 surculo

143 2762 241 2827 super
276 2741 353 2807 bina
386 2742 526 2827 inposito
558 2765 596 2807 ac
630 2741 821 2809 feruminato
854 2744 918 2809 alvi
950 2746 1092 2834 glutino,
1131 2746 1260 2812 subdita

144 2842 266 2907 cervice
286 2842 404 2920 medio,
427 2865 531 2927 aequa
551 2843 711 2928 utrimque
732 2842 815 2910 libra
836 2844 1004 2932 deportant
1025 2847 1097 2913 alio.
1195 2909 1199 2918 .

178 3018 193 3079 ς
205 3021 247 3065 96.
264 3014 444 3078 vitiparrarum,
455 3017 535 3068 Hard.
549 3031 563 3066 e
577 3018 650 3068 codd.
664 3013 712 3078 (l).
723 3016 924 3081 vitaeparvam
936 3021 1017 3070 RTd.
1032 3037 1173 3083 perrarum,
1185 3025 1259 3073 codd.

145 3082 202 3132 Gal.
213 3077 242 3142 β.
260 3080 313 3128 item
325 3081 480 3144 ripariam,
491 3085 597 3134 Barbar.
611 3091 637 3133 et
649 3083 753 3133 Gesner.
765 3086 825 3134 hist.
838 3085 914 3134 anim.
927 3093 951 3147 3,
965 3093 1021 3136 566.
1043 3088 1079 3138 Et
1089 3089 1155 3137 idem
1166 3103 1260 3141 nomen

144 3149 190 3212 rip.
206 3149 284 3198 habet
298 3150 413 3198 Murbac.
435 3191 467 3200 ..
490 3148 604 3211 absoluto,
622 3153 646 3200 d.
664 3190 696 3198 -
717 3149 780 3212 pila,
797 3166 848 3201 om.
866 3153 902 3200 d¹.
925 3192 957 3200 -
979 3150 1138 3218 Acaatlrplla's,
1154 3155 1259 3206 Barbar.

143 3213 281 3280 Apollinis,
298 3217 351 3266 Td.
377 3215 499 3280 Apatillis,
515 3210 564 3268 RH
580 3214 666 3280 (codd.
678 3215 806 3280 Barbari.)
832 3216 961 3281 Arpatilta
976 3214 1006 3281 β.
1032 3221 1066 3270 V.
1078 3222 1184 3272 Aristot.
1200 3224 1260 3273 hist.

143 3285 220 3334 anim.
233 3289 256 3342 9,
271 3289 310 3334 13.
329 3324 361 3332 -
380 3291 467 3344 mrem,
479 3287 592 3336 Murbac.
611 3325 643 3334 ..
666 3282 762 3348 aliqua,
774 3286 820 3337 Rd
832 3281 973 3348 (Murbac.)
996 3285 1077 3349 alicui,
1088 3290 1172 3339 Rhen.
1183 3304 1208 3354 γ.
1227 3329 1260 3340 .-

143 3349 300 3416 aaspaaditur‚
316 3344 416 3401 Roda
432 3350 570 3415 (Murbac.)
592 3350 762 3416 suspenditis,
778 3350 807 3415 β.
827 3394 859 3402 -
879 3354 979 3417 primas,
995 3357 1110 3406 Murbac.
1129 3397 1160 3406 -
1178 3358 1260 3419 ramas,

142 3420 257 3535 {hubac
276 3419 411 3547 ramlqlld.
425 3459 457 3469 -
475 3419 616 3483 cabrtli,K.
630 3461 661 3470 ...
683 3413 904 3486 GaayaloaROd.
926 3421 1048 3487 Gaetulos,
1061 3426 1137 3475 Τ.-
1155 3433 1261 3489 speram,

190 3493 314 3547 merant,
350 3500 376 3550 γ.

179 3550 194 3610 5
207 3555 247 3602 ⁹7.
266 3551 367 3614 quidem,
380 3568 431 3602 om.
443 3557 487 3605 12¹.
502 3595 534 3604 ..
546 3570 674 3617 ramorum,
687 3569 738 3604 om.
751 3557 787 3606 (1¹.
801 3598 833 3606 ..
846 3573 980 3621 camarare,
990 3559 1023 3610 R.
1041 3575 1168 3621 camarare,
1182 3553 1260 3610 θΤᾱ.

144 3632 316 3679 comarumque,
328 3635 347 3667 r.
370 3616 557 3683 cameraquefi.
575 3663 607 3671 -
631 3621 768 3682 {mamas
792 3622 938 3685 imbre‚Td.
957 3666 989 3674 -
1012 3634 1062 3687 aut,
1075 3630 1106 3677 R.
1128 3628 1209 3684 at‚d¹.
1231 3634 1261 3689 et,

145 3688 182 3735 (1².
201 3685 259 3736 Om.
272 3701 292 3733 r.
310 3726 341 3734 -
360 3685 527 3748 cinnamum,
538 3689 591 3737 Rd.
609 3686 775 3750 cinnamolpoa,
787 3692 862 3739 codd.
875 3691 982 3741 Salmas.
995 3707 1076 3742 cxerc.
1088 3709 1113 3755 p.
1126 3699 1183 3742 391.
1196 3710 1218 3743 a.
1230 3697 1260 3744 F.

143 3750 327 3816 matamalapaa,
340 3745 369 3801 θ.
387 3750 567 3814 ciarramolopoe,
578 3750 607 3813 β.
625 3753 792 3816 clamememus,
804 3757 912 3807 Salmas.
925 3773 958 3806 ex
968 3758 1075 3807 Aristot.
1088 3761 1106 3808 l.
1118 3760 1136 3807 1.
1150 3800 1181 3808 -
1199 3759 1260 3810 aidi-

138 3821 210 3884 fleat,
223 3823 239 3870 d
252 3819 340 3883 (codd.
354 3816 475 3881 Salmas.)
498 3817 629 3882 mirificant,
641 3821 672 3868 Β.
690 3860 722 3868 -
738 3823 880 3884 percutiant,
894 3824 924 3872 T.
943 3865 974 3874 -
993 3840 1049 3872 avar
1060 3841 1160 3889 mappae
1171 3829 1261 3877 nomiae

145 3887 220 3938 otides
237 3888 302 3936 binos
316 3886 504 3951 perieramus
528 3886 584 3935 tina
600 3901 634 3938 sc.
651 3902 703 3949 ova,
719 3888 809 3938 Dalec.
828 3930 860 3938 -
878 3904 976 3953 semper,
992 3907 1041 3941 om.
1054 3895 1085 3943 Τ.
1107 3893 1224 3945 Ceterum
1235 3912 1260 3946 r.

144 3957 337 4007 anatoclia
359 3962 399 4005 33.

179 4026 247 4087 598.
267 3993 423 4087 transp'eraat,
434 4013 587 4073 ROKTor.
612 4020 765 4084 transferunt,
776 4017 806 4084 β.
825 4065 856 4073 -
878 4023 933 4088 sint,
945 4026 997 4076 Rd.
1019 4035 1080 4090 rant,
1092 4026 1142 4093 βγ.
1161 4073 1192 4081 ..
1210 4033 1262 4081 ovis

146 4105 214 4152 qaae,
226 4091 280 4141 Rd.
299 4132 331 4140 -
349 4090 412 4151 bina,
423 4092 456 4140 R.
476 4089 547 4152 trina,
560 4092 625 4141 'rot
649 4089 705 4138 bina
716 4106 768 4153 ova,
781 4094 818 4142 d².
838 4133 870 4141 -
891 4094 1082 4158 acseramiaata
1094 4100 1175 4149 omitt.
1187 4103 1260 4152 RTd

146 4154 285 4273 (Murbakc.)
304 4199 334 4208 ..
352 4156 492 4222 platiaosias
508 4159 543 4207 ita
558 4157 655 4220 cervice,
669 4160 783 4210 Murbac.
804 4158 896 4225 plutino
911 4161 950 4211 sai
965 4160 1015 4225 lita,
1030 4165 1113 4216 Rhen.
1132 4209 1162 4217 ..
1180 4167 1260 4217 media

146 4237 226 4284 aeque,
265 4259 270 4272 .
