2896 4800
989 202 998 233 l

379 289 450 335 mn.
466 288 515 336 ru.
546 256 785 340 cmsxxvu.
813 286 912 337 sacr.
927 289 1018 333 aaa.
1196 271 1258 336 297
1282 300 1287 319 =

137 441 272 508 nitorem
306 465 347 507 ex
379 443 514 507 adverso
546 440 660 505 nudati
686 439 839 508 hebetant
867 450 900 505 et
927 440 1145 506 columbarum'
1172 440 1258 521 fetus

136 541 291 628 inplumis
312 553 438 608 necant.
460 541 598 626 Reliqua
619 542 661 607 de
681 541 721 608 iis
741 541 776 606 in
798 542 1004 630 generatione
1024 541 1189 607 hominum
1205 541 1260 627 di·
1288 576 1299 591 ·

139 655 191 710 cta
213 655 298 712 sunt.
322 644 575 731 Erumpentibus
596 642 717 709 morbis
739 665 873 730 corpora
885 643 1065 709 infantium
1079 642 1259 729 accipiunt}

136 747 261 830 reliqua
286 746 436 810 animalia
456 768 539 830 quae
566 755 708 810 serratos
735 744 856 810 habent
888 742 1073 809 saevissime
1100 742 1260 809 dentiunt.

181 848 232 911 65.
265 846 416 936 Linguae
444 869 509 912 non
530 846 678 912 omnibus
700 846 812 911 eodem
833 846 938 911 modo.
967 845 1170 911 Tenuissima
1190 857 1321 908 ser-171

137 947 290 1032 pentibus
312 960 345 1013 et
367 947 509 1026 trisulca,
531 948 672 1026 vibrans,
696 947 756 1012 atri
778 947 892 1013 coloris
913 956 946 1011 et
960 946 987 1011 si
1002 946 1151 1012 extrahas
1165 967 1259 1030 prae-

137 1047 246 1136 longa,
273 1049 402 1116 lacertis
429 1049 529 1115 bifida
556 1060 590 1114 et
610 1048 729 1134 pilosa3
762 1048 872 1114 vitulis
893 1069 1023 1133 quoque
1043 1047 1176 1113 marinis
1198 1046 1259 1110 du-

137 1151 225 1236 plex,
248 1150 307 1216 sed
330 1172 428 1236 supra
448 1151 543 1216 dictis
565 1149 779 1237 capillamenti
802 1151 967 1229 tenuitate,
997 1149 1112 1216 ceteris
1132 1149 1175 1213 ad
1196 1148 1260 1213 cir-

139 1251 384 1337 cumlambenda
399 1274 464 1317 ora.
486 1251 636 1318 Piscibus
650 1251 746 1338 paulo
759 1252 867 1318 minus
880 1274 977 1337 quam
991 1262 1058 1318 tcta
1072 1250 1260 1327 adhaerens,

138 1352 308 1419 crocodilis
330 1364 415 1431 tota3
439 1354 496 1419 sed
516 1353 551 1417 in
572 1362 708 1442 gustatu
728 1353 859 1439 linguae
879 1352 950 1419 vice
972 1375 1141 1419 carnosum
1160 1373 1260 1436 aqua-

139 1453 248 1520 tilibus
269 1453 422 1540 palatum.
440 1453 630 1533 ‘'Leonibus,
657 1453 768 1540 pardis
795 1452 1008 1538 omnibusque
1029 1453 1158 1540 generis
1180 1453 1259 1532 eius,
1275 1464 1324 1514 1⁷2

139 1556 236 1621 etiam
255 1555 382 1633 felibus,
409 1553 596 1621 imbricatae
618 1554 801 1640 asperitatis
823 1577 862 1619 ac
882 1554 978 1620 limae
1000 1554 1112 1621 similis
1132 1564 1260 1620 attenu-

138 1678 262 1740 ansque
290 1656 461 1723 lambendo
490 1666 596 1722 cutem
621 1656 775 1735 hominis,
812 1678 894 1741 quae
920 1678 1020 1722 causa
1047 1655 1143 1722 etiam
1168 1678 1260 1721 man-

139 1757 296 1836 suefacta,
323 1758 379 1823 ubi
402 1758 444 1822 ad
465 1757 607 1825 vicinum
630 1758 819 1846 sanguinem
839 1759 987 1843 pervenit
1009 1758 1119 1835 saliva,
1144 1756 1260 1822 invitat

137 1860 180 1924 ad
204 1858 338 1925 rabiem.
370 1859 424 1925 De
450 1883 672 1946 purpurarum*
693 1859 818 1944 linguis
842 1858 992 1924 diximus.
1029 1858 1130 1922 Ranis
1156 1858 1261 1943 prima

138 1960 296 2039 cohaeret,
318 1960 441 2025 intuma
461 1960 608 2026 absoluta
628 1983 647 2024 a
669 1968 810 2045 gutture,
832 1979 897 2042 qua
918 1981 1030 2025 vocem
1044 1958 1177 2023 mittunt
1189 1947 1259 2022 ma·

137 2083 204 2139 res,
238 2084 312 2127 cum
344 2071 502 2127 vocantur
534 2061 731 2148 ololygones.
776 2056 869 2125 State
900 2059 935 2125 id
967 2069 1110 2145 ternpore
1142 2057 1259 2136 evenit,
1275 2068 1323 2118 17³

138 2161 296 2228 cientibus
322 2163 365 2227 ad
390 2161 510 2227 coitum
537 2161 689 2236 feminas3
723 2170 792 2223 tum
819 2159 977 2243 siquidem
1003 2159 1150 2225 inferiore
1170 2156 1261 2224 labro

137 2264 278 2330 demisso
305 2263 348 2327 ad
375 2262 602 2328 libramentum
628 2282 730 2345 aquae
758 2260 905 2325 modicae
932 2271 1081 2347 receptae
1102 2260 1138 2324 in
1156 2259 1260 2325 faucis

137 2365 315 2452 palpitante
335 2363 382 2428 ibi
402 2364 515 2452 lingua
536 2364 676 2429 ululatus
699 2361 815 2428 editur.
837 2361 931 2427 Tunc
951 2362 1066 2428 attenti
1086 2360 1260 2426 buccarum

138 2465 227 2529 sinus
254 2465 431 2549 perlucent,
464 2465 547 2531 oculi
572 2464 711 2553 flagrant
736 2463 845 2529 labore
870 2464 1027 2551 propulsi.
1071 2462 1200 2546 Quibus
1226 2461 1261 2526 in

137 2565 315 2652 posteriore
335 2576 428 2652 parte
450 2565 562 2645 aculei,
585 2565 635 2631 his
657 2576 689 2632 et
703 2565 816 2633 dentes
831 2576 864 2631 et
877 2565 1005 2653 lingua3
1027 2565 1143 2653 apibus
1163 2562 1260 2631 etiarn

136 2669 324 2758 praelonga,
347 2669 490 2735 eminens
512 2679 545 2734 et
566 2668 699 2735 cicadis.
730 2665 859 2750 Quibus
880 2669 1011 2735 aculeus
1033 2668 1068 2734 in
1089 2690 1145 2734 ore
1165 2667 1259 2732 fistu-

136 2768 236 2848 losus,
264 2769 304 2836 iis
328 2793 391 2837 neo
417 2771 529 2859 lingua
555 2793 615 2837 nec
641 2771 773 2847 dentes3
807 2769 1002 2855 quibusdam
1021 2770 1152 2837 insectis
1171 2768 1260 2834 intus

171 2974 186 3037 5
206 2981 262 3027 172.
284 2993 313 3024 oc
328 2975 421 3039 pardis,
437 2974 468 3038 β.
487 3018 519 3027 ..
536 2977 675 3038 muricatos,
691 2976 724 3027 K.
743 3018 775 3027 ..
794 2985 973 3043 attenuansque,
991 2982 1016 3029 d.
1044 2987 1207 3042 attentamque,
1225 2979 1259 3030 B.

137 3050 296 3105 caenumque,
308 3044 340 3094 T.
359 3082 391 3094 ..
413 3060 487 3092 causo
499 3043 578 3105 edam,
591 3046 615 3093 d.
637 3042 874 3104 consubstantiali.
893 3086 926 3095 -
947 3046 1144 3110 mansuefactam,
1155 3039 1259 3099 ROTr.

137 3111 331 3172 mansuefactum,
340 3113 364 3160 d.
381 3111 441 3162 Non
452 3112 562 3160 multum
571 3111 651 3171 abest,
663 3111 725 3173 quin
736 3111 808 3160 illam
820 3112 957 3162 lectionem
967 3113 1117 3177 manseram,
1129 3113 1166 3162 ita
1175 3121 1206 3163 ut
1214 3120 1260 3162 aut

137 3177 250 3227 naieetm
262 3178 379 3229 adiectivi
391 3184 518 3229 statuatur
534 3174 570 3239 (v.
581 3179 682 3242 Poppo,
694 3178 811 3241 prolegg.
823 3179 857 3228 ad
867 3179 984 3242 Thucyd.
1003 3181 1034 3231 T.
1046 3179 1068 3229 I.
1080 3195 1106 3244 p.
1120 3185 1176 3230 toa.
1189 3187 1215 3230 et
1226 3182 1260 3230 ad

136 3246 220 3309 ipsum
232 3247 380 3310 scriptorem
394 3252 417 3307 l,
431 3243 502 3308 110.)
514 3252 558 3297 aut
568 3261 614 3310 per
630 3245 732 3309 synesin
739 3246 826 3310 suana
837 3247 1002 3310 intelligatur.
1028 3247 1070 3297 Ile
1082 3247 1207 3297 similibus
1218 3247 1258 3296 lo·

136 3315 231 3378 quendi
241 3313 330 3364 formis
339 3330 363 3364 u.
376 3315 409 3364 ad
421 3319 463 3375 36,
475 3319 515 3365 60.
528 3317 569 3374 st,
583 3319 606 3365 6.
628 3312 685 3371 Qua
695 3310 725 3362 de
736 3329 811 3363 cama
822 3313 894 3364 etium
905 3315 1127 3380 manufactorum,
1139 3312 1258 3364 abiud..

131 3382 249 3445 pervenit.
268 3380 357 3434 Salius
367 3382 423 3444 ina,
434 3383 525 3434 Delec.
544 3424 577 3433 ..
600 3380 703 3432 dicimus
715 3389 740 3446 9,
754 3388 811 3434 las.
829 3424 861 3436 -
884 3398 1030 3446 panacem,
1043 3385 1060 3432 d
1071 3380 1173 3445 (omnes
1184 3383 1258 3433 codd.

136 3448 244 3500 Salmas.
256 3465 339 3501 exerc.
350 3466 376 3515 p.
389 3456 447 3502 949.
459 3467 483 3502 a
494 3447 538 3513 F.)
553 3466 604 3514 ,qun
615 3466 677 3513 uoce,
689 3451 722 3501 R.
739 3466 802 3516 puae
813 3467 899 3513 aecem,
911 3446 940 3512 β.
960 3492 992 3502 ..
1010 3467 1091 3500 marea
1101 3466 1161 3513 cum,
1169 3442 1259 3501 noer

136 3513 223 3577 (codd.
236 3516 359 3579 Salmas.)
380 3526 469 3568 matres
480 3534 540 3581 mm,
552 3521 584 3571 Τ.
603 3519 691 3570 Mares
703 3527 758 3581 tum,
770 3514 792 3580 β
802 3535 896 3570 novam
907 3519 968 3570 hinc
979 3519 1113 3584 periodum
1125 3519 1257 3582 incipiens.

137 3623 170 3632 .-
188 3581 335 3648 oblyzontes,
350 3586 456 3635 Barbar.
479 3603 549 3648 quom
566 3595 651 3636 vocant
665 3585 818 3652 olelyponem,
834 3588 904 3637 Pint.
925 3603 978 3635 cum
993 3594 1086 3649 uocant,
1103 3584 1257 3651 ololyqonem,

135 3650 215 3701 Hard.
233 3650 271 3701 At
281 3666 305 3700 u.
317 3651 422 3702 Gesner.
434 3653 493 3702 hist.
505 3655 583 3704 anim.
596 3661 619 3713 2,
632 3661 673 3705 49.

170 3721 185 3782 ξ
209 3721 265 3768 173.
288 3733 367 3781 aquae
382 3716 501 3779 modicae,
518 3720 571 3770 Rd.
601 3720 708 3770 modicae
723 3735 814 3783 aquae,
829 3715 880 3784 βγ.
904 3760 936 3770 ..
961 3717 1051 3780 editur,
1068 3721 1130 3770 1t2r.
1157 3716 1256 3779 elicitur,

140 3780 249 3850 θΤΚγ.
273 3783 349 3848 alitur,
365 3788 424 3837 R¹d
440 3782 573 3848 (quattuor
589 3790 720 3852 codd-ep.
738 3789 854 3839 Oudend.
869 3789 903 3837 ad
920 3787 991 3838 Suet.
1006 3787 1075 3850 Aug.
1094 3783 1147 3848 14.)
1174 3783 1257 3848 alitur,

136 3870 201 3905 uuus
214 3856 271 3904 cod.
284 3854 400 3905 Oudend.
418 3852 518 3915 eiicitur,
529 3849 559 3915 β.
583 3853 688 3916 eliditur,
701 3856 818 3907 Oudend.
830 3855 914 3919 coll.§
926 3861 984 3906 969.
999 3859 1038 3915 14,
1053 3859 1109 3904 146.
1128 3893 1160 3903 ..
1182 3852 1256 3915 Tunc,

136 3921 168 3970 R.
186 3939 224 3980 no,
240 3925 264 3972 d.
284 3963 315 3972 -
343 3920 442 3984 adnati,
458 3922 503 3970 3².
530 3922 624 3984 artemi
641 3920 754 3987 Rldssr.
773 3963 805 3973 ..
824 3921 939 3987 fluerunt
955 3919 1024 3983 ocati,
1042 3922 1066 3971 d.
1088 3962 1120 3972 ..
1139 3920 1256 3985 propulsa,

137 3992 210 4040 codd.
222 3991 300 4042 Hand.
322 3988 394 4053 pulsi,
405 3990 438 4040 B.
460 3988 557 4054 repulsi,
569 3991 622 4041 Td.
642 3989 755 4054 perculsi,
766 3993 799 4042 K.
818 3989 935 4055 perpulsi,
946 3985 976 4053 β.
995 4030 1027 4040 ..
1046 3989 1188 4054 posteriore,
1199 3982 1256 4042 Ru.

134 4056 268 4118 pasena-i,
281 4053 352 4123 ufir.
370 4059 404 4111 v.
416 4058 525 4110 Auens
537 4065 601 4123 past.
614 4059 690 4110 anm.
703 4065 727 4121 4,
740 4066 763 4110 e.
776 4075 801 4124 p.
814 4064 883 4109 ssae
895 4065 919 4110 a.
937 4100 969 4108 -
987 4056 1026 4107 66
1036 4065 1067 4121 er,
1079 4058 1111 4108 Β.
1132 4065 1156 4107 u
1166 4056 1210 4119 66,
1226 4049 1255 4106 9.

137 4130 167 4182 et,
180 4125 232 4174 Td.
254 4124 285 4172 iia
296 4133 326 4185 et,
337 4121 366 4187 β.
389 4134 412 4175 et
423 4125 460 4187 in,
472 4140 497 4191 γ.
516 4168 548 4178 -
573 4123 675 4192 linquae,
687 4129 718 4180 Τ.
738 4169 769 4178 ..
784 4124 939 4192 praelonpue,
951 4127 982 4179 T.
1001 4168 1034 4179 ...
1057 4125 1188 4189 eminentes,
1199 4125 1255 4176 Td.

138 4230 169 4239 ..
188 4189 427 4259 aculeis,flstuleeis,
440 4196 464 4245 d.
863 4194 874 4224 ¹
