2896 4800
199 255 262 322 386
552 267 757 316 rurunsms
779 265 974 315 merorum

199 422 271 489 eins
284 443 378 488 nomo
389 420 492 485 omnis
507 418 617 485 charta
627 429 789 497 nascatur,
805 429 919 505 postea
929 417 1158 504 adaggeratam
1167 416 1262 495 Nilo;
1278 418 1326 484 si·
1341 434 1374 483 ro

200 523 330 609 quidem
348 545 368 586 a
379 520 487 587 Pharo
502 520 618 598 insula,
633 541 716 604 quae
731 541 816 589 nunc
826 518 1047 585 Alexandriae
1057 530 1156 605 ponte
1165 519 1324 605 iungitur,

199 622 301 688 noctis
323 621 451 706 dieique
472 621 596 687 velifico
617 619 729 709 navigi
751 643 848 686 cursu
869 629 989 685 terram
1008 617 1154 685 abfuisse
1170 621 1324 707 prodidit

198 722 280 790 Mox
301 721 515 788 aemulatione
538 721 625 788 circa
644 720 854 787 bibliothecas
875 743 990 807 regum
1005 720 1182 788 Ptolemaei
1203 732 1236 788 et
1250 721 1323 787 Eu-

197 826 311 904 menis,
335 823 553 910 supprimente
576 820 911 902 chartasPtolemaeo‚
933 822 1020 889 idem
1033 821 1140 889 Varro
1161 823 1323 890 membra·

197 948 257 991 nas
277 923 432 1014 Pergami
453 924 552 991 tradit
572 935 729 1012 repertas.
765 924 886 991 Postea
910 923 1093 1010 promiscue
1119 925 1223 1011 patuit
1243 947 1325 992 usus

196 1026 246 1094 rei
268 1049 333 1112 qua
353 1036 478 1093 constat
498 1026 710 1093 inmortalitas
730 1026 903 1093 hominum.

241 1130 292 1194 22.
325 1128 492 1215 Papyrum
521 1150 599 1217 ergo
626 1129 771 1195 nascitur
801 1129 837 1195 in
862 1125 1060 1214 palustribus
1088 1127 1234 1216 Aegypti
1265 1140 1324 1195 aut
1338 1141 1369 1192 71

196 1229 437 1316 quiescentibus
457 1230 525 1296 Nili
546 1230 649 1315 aquis,
676 1230 733 1297 ubi
761 1241 917 1319 evagatae
944 1239 1097 1318 stagnant
1122 1229 1186 1297 duo
1213 1229 1324 1297 cubita

197 1356 264 1399 non
290 1333 466 1400 excedente
488 1332 658 1397 altitudine
685 1332 861 1420 gurgitum,
893 1330 1069 1398 bracchiali
1093 1331 1212 1398 radicis
1239 1331 1323 1399 obli·

197 1457 282 1520 quae
310 1432 533 1511 crassitudine,
567 1433 719 1522 trianguli
744 1433 910 1512 lateribus,
943 1432 1056 1500 decem
1089 1456 1155 1499 non
1184 1433 1323 1520 amplius

200 1535 383 1602 cubitorum
403 1533 605 1621 longitudine
619 1533 654 1598 in
667 1535 881 1622 gracilitatem
891 1535 1088 1623 fastigatum,
1111 1533 1214 1619 thyrsi
1227 1535 1323 1601 modo

199 1658 353 1701 cacumen
384 1634 554 1702 includens
586 1635 674 1701 nullo
706 1637 827 1703 semine
859 1647 916 1703 aut
947 1660 1010 1702 usu
1041 1637 1110 1702 eins
1137 1636 1199 1702 alio
1226 1658 1324 1720 quam

198 1735 285 1803 floris
307 1736 349 1801 ad
370 1735 448 1802 deos
470 1736 678 1803 coronandos.
699 1736 877 1804 Radicibus
891 1737 1014 1803 incolae
1035 1760 1093 1824 pro
1113 1737 1202 1824 ligno
1223 1748 1323 1803 utun·
1338 1750 1371 1799 ta

200 1847 263 1918 tur,
294 1860 355 1904 nec
382 1838 469 1927 ignis
496 1849 621 1905 tantum
649 1840 754 1928 gratia
780 1838 838 1905 sed
865 1839 907 1905 ad
935 1839 999 1905 alia
1025 1860 1154 1924 quoque
1174 1839 1325 1906 utensilia

198 1962 349 2007 vasorum
356 1963 365 2018 3
394 1963 435 2006 ex
460 1939 535 2026 ipso
555 1940 686 2025 quidem
707 1964 833 2028 papym
854 1940 985 2030 navigia
1006 1949 1120 2006 texunt
1141 1951 1174 2007 et
1195 1963 1213 2007 e
1239 1940 1324 2007 libro

200 2041 274 2107 vela
301 2051 501 2128 tegetesque,
533 2064 596 2109 nec
623 2065 687 2108 non
721 2053 755 2109 et
780 2054 918 2122 vestem,
952 2043 1049 2108 etiam
1081 2043 1256 2131 stragulam
1283 2065 1323 2108 ao

198 2141 303 2219 funis3
325 2143 482 2209 mandunt
502 2165 633 2229 quoque
648 2145 785 2210 crudum
799 2145 1041 2229 decoctumque,
1065 2166 1177 2210 sucum
1197 2152 1323 2208 tantum

199 2244 401 2311 devorantes.
433 2245 588 2312 Nascitur
615 2256 647 2312 et
674 2246 708 2311 in
738 2244 836 2332 Syria
862 2246 947 2313 cirea
975 2269 1071 2330 quem
1095 2246 1248 2313 odoratus
1268 2243 1323 2310 ille
1338 2255 1370 2307 ta

198 2348 340 2413 calamus
360 2348 476 2427 lacum,
497 2369 603 2431 neque
629 2347 700 2413 aliis
721 2371 799 2414 usus
821 2358 871 2414 est
892 2370 989 2432 quam
1015 2348 1092 2413 inde
1112 2347 1243 2415 funibus
1263 2369 1324 2412 rex

198 2447 384 2537 Antigonus
404 2448 439 2512 in
459 2448 628 2516 navalibus
649 2449 758 2527 rebus,
787 2448 931 2515 nondum
958 2458 1069 2535 sparto
1090 2449 1323 2516 conmunicato.

198 2548 314 2635 Nuper
343 2559 376 2615 et
403 2549 437 2614 in
458 2546 627 2635 Euphrate
653 2572 791 2617 nascens
822 2550 910 2616 circa
933 2547 1135 2634 Babylonem
1160 2572 1322 2638 papyrum

200 2650 400 2716 intellectum
422 2659 471 2715 est
492 2649 631 2715 eundem
651 2673 748 2714 usum
768 2650 888 2717 habere
910 2649 1057 2730 chartae,
1081 2661 1114 2718 et
1135 2661 1241 2718 tamen
1261 2652 1321 2716 ad·

199 2751 262 2816 huc
283 2752 407 2816 malunt
427 2749 540 2816 Parthi
560 2750 707 2818 vestibus
727 2752 850 2817 litteras
871 2753 1026 2819 intexere.

232 2956 314 3021 amab,
325 2958 358 3010 R.
375 2958 467 3022 conch,
478 2962 516 3012 ad
527 2956 597 3023 (eod
607 2959 707 3024 Ouiae.)
724 2960 825 3024 noachi,
837 2963 889 3027 Tr.
906 3001 938 3012 ..
956 2959 1140 3028 adaypeatau,
1150 2963 1224 3014 Bsd.
1240 2959 1319 3026 odop-

232 3063 301 3159 srd.
318 3064 412 3160 niam,
424 3096 457 3174 a.
481 3138 512 3147 -
534 3096 648 3160 name,
661 3097 791 3150 cunano.
804 3099 982 3162 rapapyrop.
994 3104 1036 3149 co.
1058 3097 1221 3162 eamean.
1231 3097 1320 3162 foeta,

198 3160 290 3227 adstr.
309 3203 341 3214 ..
363 3161 481 3228 prodrdit,
494 3163 693 3230 odysseam.
718 3206 750 3215 -
776 3172 946 3229 aspramente,
956 3167 1002 3216 ad
1020 3206 1053 3216 ..
1079 3165 1232 3231 Pergameni,
1244 3169 1268 3218 d.
1286 3207 1318 3216 ..

199 3229 281 3292 audit,
292 3232 325 3282 R.
344 3229 454 3295 audrild,
466 3229 558 3298 adstr,
577 3274 609 3283 -
624 3232 762 3296 pumiceas,
774 3235 819 3282 ad.

232 3298 247 3361 5
262 3303 301 3352 71.
318 3299 453 3364 Papyrum,
465 3302 510 3351 ad.
525 3299 606 3364 paphi
613 3299 667 3361 IX,
677 3300 710 3351 R.
726 3300 1065 3365 V.Tneophr.1.1.1v.s,
1078 3306 1100 3352 1.
1123 3341 1155 3349 -
1181 3298 1280 3360 radicis,
1293 3303 1319 3350 (1.

196 3364 300 3427 radices,
311 3382 335 3416 a.
352 3364 441 3427 radice,
453 3367 485 3417 R.
503 3408 536 3417 ..
555 3365 677 3432 tn‘cnpuli,
689 3370 721 3419 R.
741 3366 874 3433 mongalei,
887 3363 981 3448 adssy.
1000 3409 1032 3418 ..
1049 3364 1125 3416 doecm
1137 3382 1190 3426 noa,
1202 3368 1248 3416 ad.
1271 3381 1319 3415 non

198 3430 235 3493 ds,
247 3434 280 3483 R.
292 3471 325 3482 ...
341 3431 486 3496 gracilitate,
499 3435 530 3483 R.
543 3475 575 3484 ..
585 3435 742 3500 fastigatum,
752 3436 855 3487 RTad.
866 3434 1035 3501 fastigiatam,
1046 3430 1075 3497 β.
1094 3474 1126 3483 -
1143 3432 1207 3483 nullo
1222 3432 1319 3493 samiae,

197 3500 299 3552 RTad.
316 3499 485 3563 seminaretis,
496 3497 548 3567 βγ.
567 3543 599 3551 -
625 3501 698 3564 laud,
710 3504 734 3553 Τ
746 3501 808 3566 (vet
820 3505 942 3568 scriptura
953 3519 994 3569 ap.
1007 3503 1113 3556 Salmas.
1125 3517 1208 3553 exere.
1220 3517 1245 3566 p.
1258 3504 1319 3553 373.

197 3571 222 3620 h.
239 3565 285 3630 G.)
303 3607 335 3617 ..
353 3583 428 3629 usum,
439 3570 471 3619 R.
484 3610 516 3619 -
536 3586 615 3635 qaam,
628 3585 678 3621 orn.
693 3570 809 3636 Scaliger
820 3586 922 3637 opusce.
934 3587 959 3637 p.
971 3578 1013 3623 ³2.
1024 3612 1057 3622 -
1067 3568 1144 3635 sab,
1156 3587 1180 3621 a.
1192 3586 1281 3632 ..eo-r,
1293 3572 1319 3619 d.

231 3639 300 3702 §72
318 3633 359 3696 ad,
370 3638 424 3686 Rd.
442 3644 472 3698 et,
484 3654 507 3688 a.
525 3679 557 3688 ..
579 3637 679 3704 mcipia
691 3646 772 3688 mant
783 3647 806 3689 st
816 3655 837 3702 a,
848 3655 872 3690 a.
895 3639 994 3703 aarum
1006 3646 1087 3689 tamam
1097 3645 1120 3686 at
1130 3654 1154 3700 a,
1166 3639 1198 3689 R.
1220 3637 1321 3702 noema!

197 3713 301 3765 meante,
314 3705 366 3755 Τά.
384 3745 417 3754 ..
437 3708 634 3770 mystaconem.
657 3747 689 3757 ..
715 3707 786 3756 etiam
797 3706 939 3772 stragulam,
950 3709 982 3757 R.
1008 3705 1259 3772 stpaamatraayaQ
1272 3708 1319 3756 ad.

197 3780 269 3836 atque
279 3770 398 3837 stragulo,
409 3788 430 3822 r.
447 3814 479 3824 -
498 3771 604 3836 mcum,
616 3775 661 3825 ad.
679 3773 789 3824 ator-tilia
800 3773 904 3837 mum,
916 3776 948 3825 R.

231 3843 246 3906 5
260 3845 300 3893 73.
318 3839 343 3888 io
354 3838 539 3905 Syriae-lacu,
551 3841 651 3893 Broter.
671 3840 790 3894 Ceterum
801 3858 825 3893 v.
839 3847 879 3905 12,
893 3847 950 3895 104.

231 3907 301 3967 574.
318 3907 499 3972 Praeparetur,
510 3925 551 3960 ar.
568 3949 602 3960 ..
618 3908 725 3971 chartae,
737 3912 762 3961 (1.
779 3909 868 3972 claret,
880 3925 903 3959 a
920 3907 1015 3972 morta,
1026 3911 1075 3962 nr.
1099 3950 1132 3960 -
1154 3906 1272 3966 habaima,
1283 3906 1318 3957 R.

199 3972 388 4036 barbaram.
415 4015 447 4026 ..
469 3974 803 4041 pateras,narbar.1t²au
826 3976 1006 4043 putemne
1034 4018 1066 4028 ..
1092 3976 1229 4041 samad
1247 3981 1319 4036 atqtoe

198 4048 245 4101 ets,
256 4042 288 4091 R,
305 4041 370 4094 Inde
381 4044 476 4106 colligo
488 4043 601 4095 Plinium
613 4053 715 4108 aequato
727 4045 862 4110 scripsisse.
880 4086 912 4096 ..
929 4042 1106 4107 indamus,
1118 4047 1163 4097 ad
1181 4083 1213 4094 ..
1230 4039 1320 4090 adula-

198 4105 268 4168 tione,
279 4109 312 4159 R.
329 4110 360 4158 ab
369 4109 516 4175 adulatione,
524 4107 556 4175 β.
572 4109 700 4174 oblatione,
709 4115 770 4165 Tar
778 4110 864 4176 (codd.
873 4111 985 4165 Turnebi
993 4113 1051 4162 adv.
1062 4118 1085 4175 5,
1095 4109 1133 4173 2.)
1141 4126 1167 4178 γ.
1184 4108 1319 4170 abolitione,

198 4174 285 4226 Ouiae.
300 4190 343 4239 ap.
367 4177 487 4243 Scaliger.
531 4215 538 4230 .
555 4185 609 4238 38..
626 4181 671 4244 qui
685 4182 783 4244 probat.
813 4172 975 4248 abllslatioae,
992 4179 1017 4228 d.
1048 4178 1073 4227 ia
1088 4178 1211 4242 baccea,
1229 4177 1318 4231 isidor.

198 4243 280 4307 origg.
291 4243 340 4295 vt
354 4248 393 4308 1⁰,
407 4250 430 4297 1.
448 4286 480 4299 ..
522 4246 608 4312 (φωτί,
619 4248 721 4300 RTad.
739 4247 876 4315 Augustini,
888 4243 917 4310 β.
936 4286 967 4299 -
985 4243 1068 4310 Livia,
1080 4249 1104 4299 d.
