2896 4800
199 269 260 335 112
548 283 752 336 rsruaffls
773 285 970 337 msroaun

195 436 329 505 liaribus
360 456 437 503 vero
462 434 576 502 insulis
601 436 763 503 cavaticae
792 438 972 524 appellatae
1003 459 1068 508 non
1093 453 1271 531 prorepunt
1299 468 1318 512 e

196 538 285 606 cavis
317 547 420 603 terrae
452 557 556 621 neque
581 536 682 603 herba
706 538 829 617 vivont,
858 540 917 605 sed
940 562 1023 606 uvae
1050 543 1147 610 modo
1171 545 1317 613 interae

195 639 374 706 cohaerent.
409 635 472 702 Est
503 647 537 707 et
568 638 656 704 aliud
684 661 788 726 genus
813 640 921 725 minus
948 642 1091 729 volgare,
1124 644 1318 713 adhaerente

195 738 347 826 operculo
373 737 519 804 eiusdem
546 747 647 805 testae
674 762 710 805 se
731 739 894 826 operiens3
924 742 1059 809 obrutae
1080 753 1167 810 terra
1188 768 1317 834 semper

193 844 254 907 hae
275 851 308 907 et
328 840 413 906 circa
440 839 616 905 maritimae
637 850 762 905 tanturn
782 839 880 928 Alpis
900 844 1063 927 quondam
1084 845 1221 912 effossae
1241 870 1315 914 coe-

192 962 270 1028 pere
297 940 362 1006 iam
387 941 457 1006 erui
477 950 511 1006 et
530 940 566 1006 in
585 939 731 1008 Literno.
765 938 922 1007 Omnium
948 953 1057 1010 tamen
1077 946 1316 1016 laudatissimae

108 1110 120 1119 ,
191 1043 227 1109 in
247 1042 447 1129 Astypalaea
466 1040 581 1107 insula

235 1145 287 1209 60.
320 1143 489 1221 Lacertae,
515 1142 770 1209 inimicissimum
797 1164 903 1232 genus
924 1145 1051 1225 cocleis,
1078 1158 1241 1235 negantur
1261 1171 1314 1216 se-
1329 1166 1375 1212 ιιι

192 1255 345 1312 mestrem
364 1246 463 1310 vitam
484 1244 650 1310 excedere.
679 1242 810 1310 Lacerti
829 1244 974 1312 Arabiae
1000 1246 1174 1327 cubitales,
1201 1250 1237 1315 in
1256 1249 1314 1315 In-

192 1347 266 1411 diae
293 1367 369 1411 vero
388 1344 481 1430 Nysa
507 1356 615 1412 monte
635 1368 720 1411 xxrv
746 1345 781 1411 in
800 1345 1036 1435 longitudinem
1057 1348 1189 1433 pedum,
1211 1351 1314 1417 colore

191 1447 271 1513 fulvi
292 1456 348 1513 aut
367 1446 497 1532 punicei
518 1456 574 1511 aut
596 1447 744 1512 caerulei.

235 1546 315 1613 XL.
337 1548 388 1612 61.
420 1546 474 1611 Ex
499 1546 551 1612 his
579 1568 706 1632 quoque
732 1547 924 1614 animalibus
950 1571 1035 1635 quae
1061 1550 1227 1617 nobiscum
1254 1552 1314 1617 de·
1328 1566 1378 1613 rra

191 1659 274 1738 gunt
292 1648 393 1714 multa
420 1659 495 1715 sunt
521 1648 654 1734 cognitu
674 1647 774 1734 digna
799 1646 1085 1735 fidelissimumque
1109 1659 1183 1715 ante
1208 1652 1313 1717 omnis

191 1749 312 1816 homini
340 1749 429 1815 oanis
457 1758 553 1834 atque
579 1770 690 1833 equos.
722 1748 893 1837 Pugnasse
919 1751 1076 1818 adversus
1095 1750 1235 1816 labores
1256 1772 1311 1816 ea·

191 1872 266 1917 nem
291 1871 351 1936 pro
378 1849 505 1916 domino
533 1849 716 1936 accepimus
738 1850 984 1936 confectumque
1010 1849 1115 1938 plagis
1135 1871 1157 1915 a
1177 1871 1312 1936 corpore

191 1973 257 2017 non
277 1950 461 2028 recessisse,
484 1950 625 2016 volucris
647 1950 780 2017 etiams
794 1950 995 2038 abigentem
1018 1952 1059 2018 ab
1080 1950 1142 2017 alio
1161 1951 1197 2016 in
1210 1950 1312 2038 Epiro

192 2052 339 2141 agnitum
359 2052 394 2117 in
418 2060 578 2117 conventu
603 2073 826 2137 percussorem
847 2052 968 2119 domini
995 2052 1179 2137 laniatuque
1205 2063 1238 2117 et
1262 2053 1311 2118 la-

191 2164 278 2219 tratu
299 2162 445 2220 coactum
466 2153 563 2219 fateri
585 2154 699 2219 seclus.
732 2151 968 2219 Garamantum
993 2175 1105 2242 regem
1131 2175 1228 2220 canes
1249 2153 1310 2219 du·

192 2255 277 2322 senti
302 2257 344 2321 ab
373 2255 485 2321 exsilio
512 2255 671 2321 reduxere
697 2254 845 2341 proeliati
869 2265 981 2322 contra
1005 2255 1192 2320 resistentis.
1225 2254 1311 2321 Pro·
1326 2271 1374 2316 rra

191 2367 264 2443 pter
283 2356 370 2423 bella
384 2353 575 2442 Colophonii
595 2356 737 2439 itemque
759 2353 1006 2422 Castabalenses
1028 2356 1175 2423 cohortes
1197 2379 1312 2422 canum

190 2457 348 2532 habuere3
380 2455 441 2521 hae
466 2455 590 2541 primae
621 2454 817 2522 dimicabant
842 2457 877 2522 in
908 2457 978 2523 acie
1002 2479 1179 2541 numquam
1204 2457 1311 2524 detre-

192 2565 325 2633 ctantes‚
356 2555 437 2621 haec
463 2564 554 2620 erant
580 2553 737 2621 fidissima
763 2557 884 2623 auxilia
916 2580 976 2623 nec
1003 2557 1235 2643 stipendiorum
1259 2560 1310 2625 in-

192 2656 280 2744 diga.
303 2654 410 2722 Canes
432 2656 602 2722 defendere
626 2652 767 2723 Cimbris
789 2657 892 2724 caesis
907 2657 1020 2724 domus
1034 2680 1145 2724 eorum
1158 2658 1312 2744 plaustris

190 2758 358 2845 inpositas.
392 2753 491 2823 Canis
517 2755 634 2824 Iasone
654 2757 758 2843 Lycio
783 2759 952 2825 interfecto
978 2757 1087 2825 cibum
1110 2781 1225 2846 capere
1250 2782 1310 2825 no-

190 2858 251 2924 luit
277 2857 445 2944 inediaque
467 2869 676 2946 consumptus
704 2869 762 2940 est,
790 2860 819 2926 is
844 2883 922 2927 vero
949 2861 1001 2925 oui
1025 2883 1143 2926 nomen
1164 2860 1311 2946 Hyrcani

191 2959 298 3027 reddit
310 2958 425 3039 Duris,
446 2983 582 3028 accenso
603 2962 690 3050 regis
708 2960 898 3047 Lysimachi
918 2982 1010 3050 rogo,
1031 2959 1142 3028 iniecit
1164 2983 1199 3027 se
1219 2960 1311 3025 dam-

224 3167 720 3232 §140.aarse,1t.tnterra‚'rd..
739 3172 891 3235 mmerad.
909 3170 1032 3234 roasa
1050 3210 1082 3219 -
1100 3168 1260 3231 οὴπιία,Βᾱ.
1279 3207 1310 3217 ..

189 3229 256 3294 tae.
267 3236 301 3284 R·
318 3275 352 3285 ..
368 3234 476 3299 asam,
486 3238 520 3289 a.
545 3236 670 3300 Vaterno,
683 3233 757 3302 aar.

225 3314 240 3374 t
254 3323 310 3367 141.
327 3327 466 3381 semeron,
477 3321 585 3372 Anser.
596 3322 656 3373 hier.
665 3322 742 3371 enin
753 3327 776 3382 s,
786 3327 826 3370 aa.
837 3359 869 3369 ..
883 3316 1079 3377 Arabicarum
1088 3323 1111 3377 a,
1121 3323 1161 3366 aa.
1170 3330 1195 3379 p.
1205 3315 1274 3365 sosb
1287 3322 1310 3365 a.

192 3421 224 3430 ..
241 3381 322 3445 Inda,
333 3386 367 3434 K.
385 3426 417 3435 -
434 3387 514 3450 Mero,
525 3390 593 3439 Pint.
610 3430 642 3438 -
660 3386 731 3448 Niso,
746 3379 848 3437 Roda
859 3382 952 3445 (Βοὴ.)
974 3380 1134 3447 Nauarum,
1150 3384 1183 3433 K.
1206 3380 1311 3446 Nyseus,

190 3448 259 3498 rint.
278 3486 315 3499 -.
328 3449 502 3516 mamaeam,
514 3448 622 3506 aare.
641 3450 796 3518 myacesii,
807 3452 874 3501 aon.
886 3445 916 3512 β.
934 3490 967 3500 ,.
977 3447 1066 3514 serva,
1077 3450 1132 3500 as.

224 3543 310 3605 §rra
329 3544 409 3606 amah,
420 3547 452 3597 Β.
476 3561 562 3607 omnes,
573 3548 591 3595 d
602 3540 694 3606 (Bab.)
711 3540 798 3600 omnm,
809 3535 861 3606 βγ.
879 3581 912 3592 -
935 3538 1025 3591 homini
1034 3556 1112 3605 oona,
1123 3542 1191 3594 Βοὴ.
1213 3539 1313 3591 hominis

190 3623 268 3670 aaron
280 3611 312 3660 R.
331 3608 432 3660 homines
444 3615 559 3673 compsi.
577 3650 610 3660 ..
634 3607 774 3673 equiRob.
791 3647 824 3658 ..
842 3607 958 3673 asseras,
970 3610 995 3659 d.
1013 3650 1045 3659 ..
1063 3608 1089 3659 ἑο
1100 3617 1221 3671 coaventu,
1232 3611 1264 3659 R.
1288 3608 1313 3657 ia

190 3675 292 3740 mostata,
304 3679 336 3728 Τ.
357 3678 495 3742 taverna.
522 3679 583 3729 Vid.
596 3676 677 3728 Solin.
692 3680 732 3737 15,
744 3680 769 3725 8.
787 3716 819 3724 ..
843 3670 1096 3740 kniamqasfflssdr.
1120 3676 1220 3738 laniata,
1231 3671 1261 3737 β.
1287 3683 1314 3723 ut

190 3740 284 3793 laniato
295 3751 319 3792 et
330 3743 421 3794 latratu
432 3741 646 3810 soporetursotsri,
657 3742 690 3792 Κ.
703 3783 735 3792 ..
748 3738 839 3792 latratu
850 3741 961 3794 adactum
972 3752 999 3793 ut
1009 3744 1220 3809 coperetarsoten',
1229 3744 1262 3793 K.
1280 3781 1312 3790 -

192 3808 376 3940 ῑθαναιηαηξανη,
393 3812 475 3942 S)olin.
489 3816 529 3874 15,
542 3816 566 3861 9.
596 3808 775 3874 Germanae,
790 3810 859 3862 Βοὴ.
888 3812 1049 3874 Garamanta,
1065 3803 1173 3863 ROTd.
1191 3848 1224 3858 -
1240 3822 1312 3870 proe-

201 3875 308 3938 tapsar
332 3881 399 3928 Bab.

224 3965 239 4026 ξ
253 3972 309 4018 143.
330 3966 476 4033 Colophona,
488 3971 512 4020 d.
533 3963 661 4031 Oolopontr]
673 3971 706 4021 R.
723 3970 784 4021 vid.
797 3971 879 4022 Solin.
892 3974 933 4029 15,
945 3975 969 4019 9.
981 4006 1013 4017 ..
1035 3958 1223 4026 Caeretem,
1235 3965 1267 4014 R.
1281 4006 1312 4015 -

190 4028 334 4095 araneo.
358 4032 449 4096 coast.
468 4074 501 4085 ..
524 4033 650 4096 bellabant,
663 4039 695 4088 Τ.
717 4077 750 4088 -
763 4035 897 4101 fidissima,
914 4037 947 4085 R.
961 4031 1115 4096 fidelissima,
1131 4034 1178 4094 dr.
1197 4072 1229 4081 ..
1252 4030 1313 4080 tam.

191 4101 244 4149 bros
256 4101 331 4151 eaesis
342 4100 444 4150 dominia
452 4117 499 4150 eor.
507 4100 668 4165 pl.impositi,
679 4104 712 4155 Κ.
725 4144 758 4155 ,.,
775 4103 807 4152 im
855 4100 898 4161 ‘aa
909 4101 954 4149 13².
967 4138 1000 4149 -
1017 4096 1082 4158 Iaso,
1094 4098 1176 4149 Solin.
1191 4105 1232 4162 15,-
1244 4106 1268 4150 8.
1281 4141 1313 4149 ..

190 4165 282 4295 gar}
307 4168 360 4233 qai,
376 4169 410 4218 R.
431 4207 464 4219 ..
487 4164 673 4232 reddimen,
691 4171 728 4219 (1².
755 4167 800 4219 red
863 4166 978 4228 'u‚Bd¹.
1006 4163 1112 4215 reddidit
1130 4165 1221 4229 Daris,
1240 4170 1313 4219 codd.

216 4236 248 4284 el⁴
285 4250 311 4301 γ.
778 4272 781 4277 .
