2896 4800
174 254 217 316 24
527 266 730 319 7777771777
751 267 947 320 muronula

173 418 228 486 alii
251 417 396 500 Orionis,
418 417 473 487 alii
494 416 553 486 Oti
573 419 674 488 171777
695 420 900 489 arbitrantur.
930 420 1058 491 Orestis
1079 443 1199 513 corpus
1220 447 1293 494 ora-
1308 442 1341 493 77

173 521 237 589 culi
258 521 350 587 iussu
370 521 528 588 refossum
549 543 597 586 vn
618 518 798 589 cubitorum
812 523 912 589 fuisse
926 523 1129 591 monimentis
1143 527 1294 595 creditur.

171 620 242 690 Iam
268 643 346 689 vero
371 631 446 688 ante
473 643 575 688 annos
600 642 704 709 prope
736 621 823 689 mille
843 633 934 690 vates
960 624 1015 691 illc
1040 624 1204 695 Homerus
1230 651 1295 697 non
1392 646 1401 658 ·

173 723 311 790 cessavit
341 722 468 788 minora
499 743 634 808 corpora
661 722 846 791 mortalium
873 745 972 808 quam
998 725 1106 810 prisca
1132 731 1293 814 conqueri

135 830 141 841 ‘
170 822 273 890 Naevi
293 822 448 889 Pollionis
469 821 715 909 amplitudinem
736 824 868 890 annales
888 846 954 891 non
975 825 1124 904 tradunt3
1147 831 1205 896 sed
1217 830 1295 916 quia

169 923 282 1012 populi
311 945 471 991 concursu
502 922 606 1011 paene
626 924 839 1013 interemptus
860 936 962 1007 essct,
994 927 1124 1015 prodigi
1144 931 1215 997 vice
1235 923 1309 997 hur-⁶

168 1025 282 1092 bitum.
313 1023 582 1093 Procerissimum
606 1025 772 1092 hominum
798 1038 888 1094 actas
914 1037 1027 1095 nostra
1052 1028 1128 1097 divo
1156 1029 1293 1098 Claudio

170 1127 329 1216 principe,
352 1124 541 1193 Gabbaram
560 1127 701 1207 nomine,
723 1150 765 1194 cx
778 1128 905 1196 Arabia
925 1131 1096 1203 advectum
1115 1151 1153 1195 rx
1172 1130 1294 1217 pedum

170 1237 203 1292 et
230 1225 365 1292 totidem
390 1225 558 1292 unciarum
583 1227 675 1294 vidit.
707 1227 817 1297 Fuere
838 1231 899 1297 sub
927 1231 1003 1297 divo
1023 1232 1176 1320 Augusto
1197 1231 1293 1298 semi·
1307 1244 1338 1294 77

169 1326 254 1414 pede
276 1325 402 1405 addito,
431 1348 567 1411 quorum
588 1350 723 1418 corpora
744 1332 815 1399 eius
835 1332 980 1399 miraculi
1002 1335 1107 1420 gratia
1126 1330 1166 1400 iu¹
1182 1334 1293 1401 condi·

171 1425 253 1493 torio
285 1422 557 1496 Sallustianorum
588 1431 843 1500 adservabantur
873 1431 1055 1510 hortorum3
1097 1433 1229 1501 Posioni
1261 1445 1295 1500 et

170 1524 376 1595 Secundillae
402 1542 494 1598 erant
518 1533 658 1601 nomina.
688 1533 816 1602 Eodem
841 1533 990 1623 praeside
1016 1534 1177 1599 minumus
1197 1532 1293 1599 homo

171 1629 253 1696 duos
282 1631 384 1717 pedes
416 1643 450 1701 et
481 1633 625 1720 palmum
646 1632 798 1722 Conopas
826 1636 954 1702 nomine
982 1633 1017 1700 in
1042 1633 1165 1700 deliciis
1189 1631 1293 1698 Iuliae

163 1730 278 1818 neptis
304 1732 373 1800 eius
393 1733 467 1815 fuit,
495 1745 528 1803 et
547 1734 664 1803 mulier
683 1733 893 1810 Andromeda
912 1734 1028 1802 liberta
1047 1733 1151 1802 Iuliae
1171 1732 1292 1822 Augu·

172 1841 252 1915 stae.
283 1832 431 1904 Manium
456 1835 650 1903 Maxumum
683 1845 716 1903 et
740 1835 789 1903 Μ.
811 1836 954 1903 Tullium
982 1834 1108 1928 equites
1129 1833 1292 1900 Romanos

168 1933 280 2001 binum
301 1936 483 2004 cubitorum
503 1937 606 2002 fuisse
627 1946 740 2003 auctor
760 1946 811 2003 est
823 1936 872 2004 M.
884 1936 1000 2017 Varro,
1022 1947 1056 2003 et
1074 1934 1140 2022 ipsi
1153 1934 1293 2001 vidimus

169 2036 204 2102 in
229 2036 342 2106 loculis
363 2038 563 2104 adservatos.
593 2035 837 2125 Sesquipcdalis
858 2038 960 2128 gigni,
987 2037 1147 2123 quosdam
1165 2035 1291 2123 longio-

168 2159 232 2218 res,
253 2140 288 2205 in
309 2138 441 2205 trimatu
461 2136 615 2226 inplentis
637 2139 722 2206 vitae
743 2161 884 2220 sursum,
906 2139 994 2205 haud
1014 2139 1162 2227 ignotum
1183 2146 1243 2202 est.

212 2241 264 2307 17.
295 2241 484 2310 Invenimus
510 2241 546 2309 in
577 2241 780 2309 monimentis
816 2239 979 2327 Salamine
1004 2236 1220 2326 Euthymenis
1251 2234 1293 2303 fl·
1306 2249 1338 2300 77

168 2340 248 2407 lium
268 2341 304 2406 in
325 2343 388 2409 tria
401 2344 511 2413 cubita
526 2344 662 2413 triennio
676 2345 866 2425 adolevisse,
888 2344 1017 2412 incessu
1032 2341 1171 2420 tardum,
1195 2359 1293 2405 sensu

50 2467 54 2481 ·
167 2441 334 2519 hebetem,
360 2442 517 2528 puberem
544 2445 640 2510 etiam
668 2445 790 2512 factum
816 2467 897 2512 voce
916 2445 1058 2522 robusta,
1087 2441 1294 2526 absumptum

170 2539 390 2607 contractione
418 2542 636 2607 membrorum
669 2543 791 2621 subita,
824 2542 960 2609 triennio
986 2542 1188 2607 circumacto.
1222 2536 1294 2621 Ipsi

169 2660 236 2705 non
261 2638 390 2726 pridem
415 2641 557 2707 vidimus
583 2640 698 2707 eadem
726 2641 829 2709 ferme
857 2641 965 2707 omnia
988 2649 1118 2729 praeter
1137 2638 1292 2727 puberta-

171 2751 237 2809 tem
256 2740 292 2808 in
311 2739 378 2809 filio
401 2739 531 2809 Corneli
552 2739 658 2808 Taciti
680 2740 797 2832 equitis
817 2739 967 2822 Romani,
989 2739 1146 2833 Belgicae
1166 2737 1293 2808 Galliae

154 2975 156 2978 ’
208 2975 338 3040 Otisuirre
353 2976 511 3042 arbitrantur,
526 2978 601 3029 codd.
617 2976 675 3030 Gcl.
696 2974 749 3028 Orio
761 2970 1048 3040 membraturam&
1065 2974 1211 3038 1171771711.
1231 2970 1292 3035 osii,

171 3058 190 3114 p
201 3041 293 3108 (Rob.)
311 3042 410 3096 77771777
421 3060 478 3109 crac,
488 3061 509 3097 r.
528 3060 578 3095 esse
590 3042 695 3109 77771777,
706 3059 724 3109 p
736 3041 828 3107 (Rob.)
848 3044 890 3096 De
905 3042 950 3096 Oto
960 3045 988 3095 in
1000 3044 1078 3096 Creta
1088 3043 1221 3095 interiecto
1232 3039 1293 3104 (un-

170 3111 268 3230 pssotii
278 3114 362 3181 campi
373 3127 415 3181 ap.
426 3113 497 3167 Serv.
508 3114 542 3166 ad
552 3113 632 3178 Verg.
640 3113 707 3166 Aen.
722 3117 746 3174 7,
760 3109 1028 3176 ora)r.sal1ustium
1044 3127 1086 3177 ap.
1098 3111 1225 3176 mythogr.
1237 3108 1292 3160 Va-

206 3185 249 3243 .2‚
263 3186 304 3233 53.

204 3249 274 3312 574.
299 3245 398 3308 0777777,
412 3247 479 3300 Rob.
508 3245 608 3310 077777,
623 3245 656 3297 R.
685 3244 797 3308 077777,
813 3247 838 3298 d.
863 3244 1018 3298 viuSolin.
1032 3249 1055 3307 1,
1068 3248 1110 3296 ao.
1128 3283 1158 3293 ..
1178 3240 1291 3302 radim,

59 3367 68 3378 ,
170 3314 205 3366 Κ.
222 3354 255 3365 -
272 3313 418 3365 uirile-ille
429 3329 481 3367 om.
492 3316 539 3368 R¹.
556 3354 590 3366 ..
606 3311 834 3366 Naevi-tabitam
846 3313 928 3364 omitt.
939 3313 994 3363 Rd.
1016 3313 1057 3363 De
1067 3325 1095 3362 re
1105 3325 1130 3360 v.
1143 3310 1293 3361 Ciceronem

172 3396 213 3445 ap.
233 3380 372 3433 Columell.
391 3382 441 3432 111.
457 3389 482 3447 8,
499 3389 524 3434 2.
545 3421 579 3435 ..
605 3379 730 3443 bominum,
745 3373 840 3432 ROdr.
870 3378 993 3440 17717777,
1007 3373 1038 3439 β.
1060 3416 1093 3427 -
1122 3375 1293 3437 0711777777
1382 3430 1392 3439 κ

172 3445 261 3512 (codd.
274 3449 382 3501 Salmas.
395 3464 477 3501 exerc.
489 3464 515 3514 p.
527 3455 568 3501 71.
581 3462 605 3499 a.
618 3444 661 3511 C.)
679 3447 732 3500 Sed
741 3448 872 3511 vulgatam
887 3447 1037 3510 scripturam
1051 3445 1156 3508 linguae
1166 3442 1294 3495 Arsinoae

173 3516 270 3582 optime
281 3518 432 3581 respondere
441 3526 467 3568 et
474 3531 571 3568 nomen
579 3515 662 3580 ipsum
671 3529 725 3567 nou
737 3530 792 3566 esse
803 3514 941 3578 proprium,
953 3513 999 3563 sed
1009 3512 1140 3576 gigantem
1151 3511 1293 3576 significare

173 3584 262 3636 docuit
272 3599 315 3636 me
325 3585 464 3637 Eleischer.
476 3599 557 3647 mens,
567 3583 632 3649 proi.
644 3584 714 3648 Lips.
731 3583 877 3646 Exscripsit
887 3580 969 3634 Solia.
983 3584 1006 3644 1,
1020 3586 1062 3630 89.

206 3680 222 3742 ς
236 3681 276 3731 75.
294 3673 406 3728 miraculi
415 3675 448 3740 tir,
459 3675 492 3727 R.
502 3717 535 3727 -
547 3671 711 3737 conditorium,
721 3667 751 3736 β.
765 3713 798 3724 ..
814 3679 976 3736 asumuntur,
987 3673 1103 3725 Pellicer.
1116 3688 1132 3724 a
1151 3709 1157 3723 .
1169 3672 1250 3724 Hard.
1259 3710 1292 3721 ..

172 3743 299 3808 1777777777,
311 3746 389 3797 deleri
399 3745 456 3796 vult
466 3746 546 3797 Hand.
564 3784 597 3794 ..
614 3741 720 3804 Porionr',
735 3740 761 3791 R
770 3735 799 3792 θ.
820 3739 947 3801 Positioni,
963 3742 987 3792 d.
1004 3741 1114 3802 Purioni,
1125 3687 1293 3816 7111171087-

172 3813 219 3863 lin.
233 3818 256 3874 1,
273 3819 314 3865 88.
331 3853 364 3863 -
382 3812 480 3876 nomine,
498 3814 522 3865 d.
540 3851 574 3862 ...
594 3807 680 3874 Gopos,
695 3809 770 3860 codd
781 3809 895 3860 Barbari.
916 3807 1132 3874 Summanum.
1150 3845 1183 3856 ...
1204 3803 1294 3853 Lwrce

173 3876 306 3996 Aopuptoe,
321 3877 416 3931 Sabell.
431 3894 452 3932 r.
474 3920 508 3932 -
529 3877 568 3931 M.
590 3876 701 3942 17111777,
719 3878 743 3929 (1.
764 3874 805 3929 Μ.
823 3875 911 3944 Tullio,
925 3877 959 3928 R.
983 3871 1131 3934 11771ῑί1777,
1147 3886 1167 3921 7.
1189 3908 1223 3921 -
1245 3868 1293 3932 M,

174 3961 226 3997 om.
256 3981 263 3995 .

210 4030 225 4093 ξ
239 4032 279 4080 76.
297 4025 429 4094 Salamine,
440 4030 486 4084 Rd
497 4027 585 4094 (codd.
598 4027 669 4094 (iel.)
686 4025 835 4093 Salamina,
845 4029 922 4080 Reus.
939 4022 1001 4074 Vid.
1013 4021 1093 4073 Solin.
1106 4025 1180 4084 1,91.
1198 4061 1230 4073 ..
1248 4020 1294 4072 ad·

176 4094 334 4157 7777777711.
355 4098 576 4161 77777717711717.
598 4136 631 4147 ..
647 4097 761 4160 puberem
772 4095 851 4156 subm,
866 4087 1039 4150 BTd(codd.
1052 4088 1160 4142 Salmas.
1172 4103 1255 4140 exerc.
1267 4106 1293 4154 p.

177 4169 219 4215 ³2.
230 4163 256 4214 b.
267 4160 313 4229 Βὸ
330 4164 401 4215 etiam
409 4165 606 4230 putorem,1iob.
623 4170 648 4212 et
657 4163 835 4228 7777771777,
845 4156 897 4224 βγ.
916 4197 948 4207 -
966 4157 1069 4219 robusto,
1080 4158 1105 4208 R
1116 4154 1208 4221 (Rob.)
1225 4157 1294 4207 roim·

177 4231 289 4294 rtum‚'1'.
308 4233 435 4297 robustam,
449 4234 472 4284 d.
491 4272 524 4285 ..
542 4228 728 4293 mutuationem,
741 4231 764 4280 d.
783 4269 816 4280 ..
834 4217 1023 4289 7771191717.
1048 4239 1110 4288 cero,
1122 4224 1293 4278 Ambrosiam.
