2896 4800
182 251 246 318 alo
496 255 504 265 '
534 265 740 315 usrunanrs
761 265 958 316 msronmn

182 443 240 486 sus
260 418 433 508 plumigeri
454 418 652 497 vestiuntur3
681 419 804 486 mollior
831 440 915 505 quae
937 419 1063 505 corpori
1083 442 1251 507 proxuma,
1273 435 1308 490 et

183 545 202 588 e
217 519 392 587 Germania
405 519 646 597 laudatissima3
670 521 799 587 candidi
811 522 868 600 ibi,
890 543 1002 589 verum
1015 521 1166 602 minores,
1188 534 1307 610 gantae

182 633 347 691 vocantur.
368 621 515 687 Pretium
535 622 663 708 plumae
685 643 797 687 eorum
817 623 852 687 in
872 621 970 688 libras
992 622 1116 688 denarii
1137 624 1238 708 quini.
1260 626 1306 694 Et
1320 647 1352 690 ss

181 724 256 790 inde
278 724 411 790 crimina
431 724 622 810 plerumque
644 723 800 788 auxilium
812 725 996 810 praefectis,
1017 747 1039 788 a
1059 724 1150 810 vigili
1167 728 1305 793 statione

182 827 330 892 adhaec
356 824 497 911 aucupia
524 824 666 890 dimissis
693 824 877 891 cohortibus
905 826 999 904 totis3
1025 846 1140 911 >eoque
1170 825 1305 893 deliciae

179 950 364 1016 processere
390 937 428 991 ut
454 927 523 992 sine
549 926 611 992 hoc
636 926 851 992 instrumento
873 928 988 992 durare
1015 927 1080 992 iam
1100 949 1141 992 ne
1163 927 1305 994 virorum

179 1031 311 1115 quidem
333 1030 473 1095 cervices
494 1027 629 1114 possint.

221 1133 274 1197 28.
306 1130 408 1196 Aliud
436 1129 558 1216 reperit
580 1126 695 1215 Syriae
716 1151 792 1216 pars
813 1152 896 1214 quae
919 1127 1137 1217 Commagene
1158 1141 1303 1212 vocatur,
1319 1151 1349 1195 55

179 1232 310 1318 adipem
337 1255 448 1298 eorum
474 1231 511 1295 in
538 1253 616 1296 vase
645 1252 739 1296 aereo
761 1253 836 1296 cum
857 1232 1005 1296 cinnamo
1025 1231 1100 1297 nive
1120 1232 1223 1297 multa
1243 1231 1303 1297 ob-

178 1345 288 1399 rutum
309 1357 347 1399 ac
367 1334 475 1422 rigore
497 1331 605 1420 gelido
625 1343 822 1397 maceratum
843 1333 885 1398 ad
906 1355 1003 1398 usum
1023 1325 1180 1419 praeclari
1200 1334 1303 1399 medi-

180 1436 313 1500 caminis
335 1435 423 1520 quod
444 1434 485 1499 ab
507 1442 605 1520 gente
627 1432 745 1499 dicitur
767 1432 1031 1523 Commagenum.

222 1538 274 1601 29.
311 1534 465 1600 Anserini
487 1534 617 1620 generis
640 1544 715 1599 sunt
736 1535 962 1623 chenalopeces
990 1545 1024 1601 et
1044 1534 1164 1619 quibus
1184 1536 1302 1602 lautio-
1317 1553 1348 1598 ss

179 1658 233 1701 res
260 1637 371 1722 epulas
399 1659 463 1701 non
488 1636 579 1701 novit
598 1634 768 1702 Britannia
795 1637 981 1703 chenerotes
1010 1637 1085 1702 fere
1107 1658 1220 1702 ansere
1240 1638 1302 1701 rni-

179 1760 285 1803 nores.
323 1736 430 1803 Decet
457 1747 619 1804 tetraonas
646 1760 725 1804 suus
753 1738 839 1803 nitor
865 1739 1076 1823 absolutaque
1096 1738 1238 1826 nigritia,
1260 1738 1302 1802 >in

180 1839 359 1925 superciliis
382 1839 469 1906 cocci
489 1838 598 1906 rubor.
619 1839 770 1906 Alterum
791 1862 903 1906 eorum
923 1863 1027 1929 genus
1048 1841 1211 1908 voltarum
1231 1862 1301 1904 ma-

180 1942 382 2028 gnitudinem
404 1941 541 2020 excedit,
564 1963 700 2026 quorum
722 1952 756 2008 et
777 1944 915 2008 colorem
935 1941 1054 2020 reddit,
1074 1963 1135 2006 neo
1155 1942 1223 2006 ulla
1235 1941 1303 2007 ales

181 2055 318 2132 excepto
340 2041 585 2110 struthocamelo
603 2043 708 2108 maius
730 2065 862 2130 corpore
881 2043 1007 2129 inplens
1021 2043 1160 2128 pondus,
1180 2043 1215 2107 in
1229 2053 1303 2107 tan-

182 2156 251 2211 tum
271 2155 366 2211 aucta
386 2154 423 2208 ut
436 2144 470 2208 in
486 2154 572 2209 terra
584 2165 713 2230 quoque
727 2145 889 2211 inmobilis
904 2145 1129 2231 prehendatur.
1153 2141 1303 2229 Gignunt
1317 2157 1348 2205 57

171 2250 236 2312 ‘eos
258 2248 363 2333 Alpes
385 2257 417 2312 et
438 2246 695 2333 septentrionalis
715 2246 823 2335 regi03
851 2246 886 2310 in
912 2246 1041 2312 aviariis
1062 2267 1209 2332 saporem
1229 2268 1303 2331 per-

180 2349 276 2425 dunt3
304 2349 485 2414 moriuntur
507 2349 707 2414 contumacia
729 2349 845 2434 spiritu
865 2359 1025 2414 revocato.
1053 2347 1244 2413 Proxumae·
1257 2346 1303 2412 eis

181 2459 257 2514 sunt
288 2470 369 2531 quas
396 2449 559 2535 Hispania
592 2450 661 2516 avis
693 2449 801 2516 tardas
829 2450 984 2535 appellat,
1018 2447 1157 2516 Graecia
1183 2450 1301 2525 ὠτίδας,

181 2550 349 2616 damnatas
369 2551 404 2614 in
426 2550 506 2616 cibis
512 2574 522 2626 3
551 2551 667 2616 emissa
688 2551 774 2616 enim
794 2551 922 2617 ossibus
943 2551 1085 2617 medulla
1104 2550 1211 2617 odoris
1233 2560 1301 2614 tae-

181 2651 271 2716 dium
293 2651 453 2737 extemplo
474 2652 628 2735 sequitur.
1125 2707 1129 2713 .

223 2752 362 2818 XXIII.
383 2753 436 2818 30.
456 2751 609 2819 Inducias
622 2753 721 2821 habet
733 2775 814 2842 gens
824 2753 991 2844 Pygmaea
1004 2755 1159 2822 abscessu
1172 2775 1300 2841 gruum,
1315 2762 1347 2808 ⁵8

149 2968 150 2973 ’
214 2954 593 3026 mollior-prorImu,B9Tdr.
609 2959 747 3028 molliorque
756 2980 821 3029 corp.
829 2962 950 3028 mommo,
960 2964 1078 3015 Mnrbac.
1094 2961 1229 3026 molliorque

181 3028 361 3160 ffirpssggom
374 3029 495 3161 prodigo,
510 3026 541 3094 β.
559 3072 591 3082 ..
613 3030 654 3094 ai,
669 3034 715 3083 R².
735 3031 793 3097 slve,
803 3034 863 3084 R¹d
874 3029 1016 3096 (Murbac.)
1035 3071 1067 3082 ..
1083 3039 1180 3097 paulac,
1195 3031 1220 3081 R
1254 3027 1301 3081 Td

224 3112 254 3148 ur
301 3135 307 3147 .
354 3114 437 3160 omae,
471 3135 477 3149 .

214 3168 282 3231 554.
305 3114 391 3230 pldra,
407 3167 453 3218 Bd
470 3164 611 3229 (Murbae.)
637 3209 670 3220 ...
696 3182 791 3229 eamn,
806 3170 838 3221 R.
864 3182 943 3216 eonem
957 3161 1225 3230 fluctuamus
1243 3160 1302 3224 Vll,

181 3232 296 3284 Gronov.
307 3242 405 3286 sestert.
416 3250 442 3299 p.
455 3239 496 3287 ct.
514 3277 546 3286 ..
565 3233 689 3299 auxilium,
700 3238 743 3287 Rr
754 3233 896 3299 (Murbae.)
912 3234 1063 3297 αιικίἱὼηιω,
1072 3229 1143 3297 (Ιβγ.
1161 3272 1194 3281 .-
1214 3230 1263 3293 loc,
1276 3233 1302 3280 d·

179 3299 206 3348 ia
217 3299 267 3362 loc,
278 3303 310 3352 R.
329 3342 361 3352 -
379 3309 514 3364 aucmento,
525 3305 614 3354 Dulce.
633 3344 665 3354 ..
680 3311 787 3367 possunt,
798 3305 851 3355 Ild.
1276 3330 1278 3335 ·

184 3371 229 3483 005
243 3375 283 3418 55.
304 3365 358 3418 Com
392 3363 482 3430 erest.
508 3409 541 3420 ...
567 3370 710 3433 anomali.
736 3411 768 3421 ..
798 3368 1027 3437 &mecoenate
1048 3363 1205 3427 commum
1221 3353 1300 3411 θΤᾱ·

217 3450 256 3482 ma
273 3450 347 3497 mum,
382 3472 388 3485 .

215 3449 284 3567 5596.
309 3502 422 3564 Aurea,
437 3505 470 3553 R.
495 3544 528 3555 ..
554 3503 704 3570 chenalopec,
720 3521 746 3571 p.
768 3505 907 3572 penelopen,
922 3506 1028 3558 Barbar-
1044 3500 1164 3565 K‚quod
1174 3496 1302 3562 improbat

180 3569 298 3622 Wottcn.
314 3570 437 3621 dliferent.
454 3573 531 3622 anim.
546 3573 564 3623 f.
583 3580 639 3625 133.
654 3575 685 3625 Ε.
711 3573 859 3640 clenelopca,
875 3577 980 3626 Gesner.
994 3573 1054 3624 hist.
1065 3570 1143 3621 anim.
1155 3574 1180 3629 3,
1194 3571 1250 3617 108.
1269 3605 1302 3616 -

181 3645 211 3701 el,
222 3641 255 3691 R.
274 3655 294 3702 e,
307 3640 331 3690 d.
348 3681 381 3688 -
399 3639 538 3703 chenerotea
550 3644 575 3691 d.
592 3649 716 3703 cameles,
727 3635 790 3693 Re.
807 3641 949 3700 tormidet,
961 3642 1035 3693 codd.
1046 3637 1161 3692 Barbari.
1184 3633 1301 3684 ederemu-

182 3713 222 3770 τω,
234 3723 260 3772 p.
278 3705 450 3771 chenalopeces,
462 3709 567 3760 Gesner.
585 3750 617 3762 ...
627 3711 694 3774 sere,
704 3711 828 3762 RS'I'dr.
854 3726 918 3770 vero,
932 3702 961 3759 θ.
971 3710 1038 3773 sero,
1049 3704 1078 3772 β.
1088 3706 1171 3769 seraa
1182 3705 1259 3781 Pina·
1269 3739 1302 3750 .-

181 3780 309 3837 tetmmnr,
320 3776 398 3827 Polit
410 3777 519 3827 miscell.
532 3778 573 3828 57.
591 3785 615 3826 et
625 3777 748 3840 trudonea,
759 3780 793 3829 R.
809 3785 949 3838 canaonas,
967 3779 1024 3827 cod.
1033 3776 1129 3828 Medic.
1140 3772 1303 3846 Poliuam3et

182 3843 296 3905 munus,
309 3847 333 3894 d.
350 3844 502 3895 Emendatio
514 3846 592 3896 huius
601 3846 652 3896 loci
661 3854 687 3897 ot
696 3846 846 3897 Suetoniani
855 3845 937 3908 Cslig.
948 3851 990 3895 22.
1002 3861 1018 3894 a
1028 3842 1159 3895 Politiano
1170 3842 1303 3901 proponta

181 3910 269 3960 nititur
279 3913 367 3974 glossa
377 3913 511 3977 Hesychii:
529 3910 662 3978 τετράων·
675 3909 752 3979 ὅρνις
760 3909 849 3973 ποιός,
862 3927 971 3978 quacum
985 3911 1052 3960 nihil
1063 3919 1199 3982 commune
1208 3902 1303 3951 habent
1406 3911 1411 3920 “

180 3977 283 4039 glossae
295 3979 419 4029 eiusdem:
435 3977 584 4045 τετράδων·
600 3976 697 4046 ὄρνεόν
708 3996 744 4042 τι,
755 3971 889 4040 Ἀλκαῖος,
901 3986 936 4028 et:
948 3975 1087 4042 τετραῒον·
1099 3965 1257 4053 dgveduprdv
1269 3984 1303 4030 τι,

181 4037 317 4102 Λάκωνες.
329 4046 365 4096 Et
374 4049 443 4109 apud
450 4049 547 4099 Athen.
559 4054 583 4110 9,
595 4052 654 4100 387.
666 4049 697 4098 E.
711 4056 737 4098 et
749 4054 789 4110 14,
802 4054 859 4099 654.
872 4045 910 4107 O,
921 4045 965 4094 ubi
976 4045 1038 4094 olim
1050 4053 1207 4105 τετραωνας
1218 4046 1303 4088 exsta-

180 4111 233 4173 bat,
243 4127 311 4162 nunc
321 4121 460 4164 correctum
469 4116 562 4178 legitur
570 4111 709 4181 τετάρους.
725 4117 849 4168 Politiani
856 4129 916 4164 vcro
928 4112 1139 4170 emendationem,
1152 4111 1184 4159 de
1195 4123 1247 4172 qna
1258 4109 1303 4156 du·

127 4216 129 4223 .
181 4179 246 4229 bitat
255 4179 349 4230 Loens.
361 4181 485 4245 epiphyll.
498 4188 521 4242 5,
534 4188 566 4244 9.,
579 4184 747 4246 comprobant
757 4186 882 4243 Torreat,
893 4181 1038 4232 Casaubon.
1050 4185 1077 4229 et
1088 4177 1179 4229 (itaer.
1191 4177 1224 4226 ad
1233 4174 1304 4226 Suet.

181 4247 200 4296 l.
211 4248 229 4296 l.
248 4286 280 4298 ...
298 4244 460 4312 emeatoque,
471 4248 503 4298 R.
520 4248 705 4314 absolutumque,
720 4243 795 4317 Odp.
813 4291 845 4303 ..
863 4248 993 4317 affluam,
1004 4242 1107 4311 Boon.
1125 4287 1157 4296 -
1179 4239 1303 4308 819)ϋᾶἶῦ
