2896 4800
415 263 990 314 a1s.x11.csr.xvu.snor.a.a.
1202 247 1263 314 tal

150 441 214 508 gue
234 417 373 484 insidere
394 416 503 500 itaque
524 415 669 481 attractis
690 413 851 494 funiculis,
873 414 1004 480 herbam
1027 437 1099 480 eam
1119 416 1265 484 convolvi

147 529 245 603 atque
271 518 316 583 ita
340 517 422 583 offas
449 517 528 582 fieri.
565 515 654 604 Ergo
680 516 715 580 in
740 527 878 601 utraque
906 525 1003 603 gente
1030 513 1107 580 bina
1132 539 1264 604 genera,
1323 553 1326 557 >

147 631 309 686 terrenum
337 629 371 686 et
398 617 579 694 facticium3
608 617 644 682 id
669 617 756 701 quod
782 627 944 683 terrenum
970 625 1020 681 est
1046 616 1189 695 friabile,
1216 619 1265 685 fa-

147 721 277 786 cticium
302 720 435 786 lentum.
467 717 624 784 Necnon
645 718 793 784 fruticem
813 740 885 784 esse
908 717 1019 783 dicunt
1039 718 1074 782 in
1096 715 1311 784 Carmaniam
1370 716 1373 725 ’

148 831 181 887 et
208 842 306 906 super
326 819 533 906 Aegyptum,
563 840 621 904 per
647 817 851 885 Ptolemaeos
877 818 1039 884 translatis
1066 818 1202 904 plantis,
1229 829 1267 887 ut

147 921 212 999 alii,
235 932 409 1007 generante
430 922 465 986 in
485 921 520 986 id
541 919 621 985 turis
642 919 768 998 arbore,
795 920 964 1008 colligique
985 930 1022 984 ut
1043 920 1194 985 cummim
1214 920 1265 985 in·

148 1023 213 1087 oiso
243 1022 361 1088 cortice
389 1033 421 1087 et
449 1022 589 1106 caprinis
613 1020 751 1106 pellibus
774 1022 888 1107 excipi.
924 1019 1036 1085 Pretia
1058 1030 1133 1085 sunt
1152 1021 1265 1086 lauda·

77 1180 79 1184 ,
147 1122 273 1189 tissima
294 1122 329 1187 iu
348 1122 446 1188 libras
467 1143 558 1187 asses
578 1144 633 1185 xa.
668 1121 881 1187 Adulteratur
908 1121 1008 1205 myrti
1028 1120 1119 1187 bacis
1142 1130 1174 1187 et
1194 1120 1266 1199 aliis

147 1222 332 1290 animalium
354 1223 512 1289 sordibus.
536 1220 663 1287 Sinceri
685 1221 764 1287 odor
785 1220 883 1287 debet
911 1244 982 1287 esse
1009 1221 1097 1288 ferus
1124 1231 1158 1287 at
1184 1242 1265 1306 quo·

147 1324 316 1390 dammodo
331 1322 536 1390 solitudinem
549 1323 715 1401 redolens3
737 1323 845 1408 ipsum
858 1322 930 1389 visu
946 1323 1082 1401 aridum,
1097 1333 1184 1390 tactu
1198 1334 1264 1391 sta·

147 1426 205 1490 tim
225 1425 422 1502 mollescere,
445 1445 615 1490 accensum
637 1424 774 1511 fulgere,
796 1423 894 1489 odore
908 1424 1049 1490 iucunde
1064 1425 1174 1512 gravi3
1198 1435 1267 1490 tum

145 1535 285 1611 myrteta
306 1526 585 1611 deprehenduntur
607 1524 825 1610 crepitantque
845 1525 879 1589 in
900 1525 978 1611 igni.
1005 1523 1177 1592 Praeterea
1198 1526 1265 1592 sin-

147 1649 221 1694 cero
242 1627 356 1692 calculi
376 1627 485 1712 potius
508 1648 526 1690 e
546 1625 681 1711 rupibus
702 1625 871 1691 inhaerent
892 1648 989 1710 quam
1009 1627 1126 1711 pulvis.

189 1729 242 1794 38.
273 1724 314 1792 Ιιι
334 1725 459 1792 Arabia
480 1736 514 1791 et
533 1726 604 1792 olea
625 1725 753 1790 dotatur
772 1725 914 1803 lacrima,
935 1748 1001 1810 qua
1013 1726 1103 1792 Indis
1124 1728 1265 1794 medica·
1280 1741 1310 1789 ιι

146 1840 290 1895 mentum
318 1827 483 1893 conficitur
512 1823 648 1892 Graecis
675 1826 851 1892 enhaemon
884 1825 1006 1895 dictum
1034 1828 1189 1915 singulari
1216 1829 1265 1895 ef-

145 1930 233 1994 fectu
263 1926 488 1993 contrahendis
516 1925 680 1992 volnerum
707 1925 916 1992 cicatricibus.
947 1924 989 1989 In
1014 1927 1184 1992 maritimis
1204 1927 1266 1994 hae

149 2026 300 2093 fluctibus
321 2037 477 2111 aestuque
499 2026 688 2112 operiuntur
713 2047 775 2092 nec
794 2025 895 2092 bacae
915 2035 1060 2105 nocetur,
1088 2048 1161 2092 cum
1188 2050 1265 2094 con·

147 2137 210 2192 stet
231 2127 265 2191 in
286 2127 368 2192 foliis
391 2127 490 2194 salem
511 2127 658 2211 relinqui.
680 2125 775 2193 Haec
797 2136 872 2192 sunt
885 2125 1060 2213 peculiaria
1073 2126 1216 2194 Arabiae
1232 2138 1265 2195 et

146 2249 253 2311 pausa
273 2238 441 2312 praeterea
462 2226 632 2292 conmunia
652 2227 729 2292 alibi
750 2227 895 2305 dicenda,
919 2227 1069 2311 quoniam
1090 2228 1178 2294 iniis
1192 2230 1265 2295 vin·

148 2327 242 2391 citur.
265 2325 461 2415 Peregrinos
481 2328 553 2413 ipsa
572 2328 653 2392 mire
674 2327 789 2393 odores
812 2327 901 2394 etad
916 2338 1042 2394 exteros
1057 2329 1154 2415 petit3
1177 2339 1266 2396 tanta

145 2426 333 2493 mortalibus
356 2450 486 2495 suarum
506 2451 614 2495 rerum
635 2429 766 2495 satietas
787 2439 836 2495 est
857 2429 1096 2516 alienarumque
1117 2431 1264 2525 aviditas.

148 2606 176 2661 1,
194 2607 250 2651 128.
267 2595 335 2649 ἔνιοι
352 2597 384 2650 δὲ
402 2595 446 2650 καὶ
463 2597 569 2668 σχοινία
588 2596 743 2665 ἐπισύρουσι
761 2600 821 2660 τοῖς
830 2597 947 2664 θάμνοις
960 2597 1005 2651 καὶ
1022 2599 1053 2652 τὸ
1070 2599 1278 2667 apostatarum.

145 2662 241 2725 αὐτοῖς
254 2656 333 2726 λίπος
347 2664 535 2726 ἀποξύσαντες
553 2663 781 2731 ἀναπλάσσουσιν,
800 2685 865 2734 quas
880 2672 958 2720 verba
974 2672 995 2720 si
1012 2685 1071 2722 cam
1087 2672 1265 2722 Plinianoram

145 2737 262 2786 codicum
281 2737 404 2800 scriptura
423 2737 611 2796 contendimus,
630 2751 684 2786 non
704 2738 870 2801 improbabile
881 2747 920 2789 est
935 2739 1047 2789 Plinium
1067 2740 1104 2789 ita
1123 2740 1264 2805 scripsisse:

145 2800 213 2851 baius
220 2803 309 2868 piayai
317 2802 444 2865 insidiam
460 2804 540 2868 itaque
551 2804 661 2853 amnonis
668 2802 787 2868 janicalis
797 2804 894 2854 barbam
905 2821 958 2854 eam
970 2803 1077 2855 convolvi
1091 2814 1161 2870 atque
1173 2807 1208 2856 ita
1218 2808 1264 2859 rel.

144 2870 223 2919 Nulla
237 2871 265 2920 in
281 2885 309 2920 rs
324 2887 341 2921 a
355 2873 483 2922 codicibus
498 2873 600 2932 recessi,
616 2872 665 2921 nisi
676 2873 704 2921 in
715 2887 739 2921 v.
751 2870 869 2935 insidiari,
881 2889 947 2937 quae
958 2889 1011 2924 vox
1022 2875 1059 2924 its
1069 2874 1264 2938 interpretanda,

144 2944 173 2986 ut
183 2938 250 2987 Plin.
262 2938 329 2986 dicat
348 2939 465 2988 homines
477 2939 504 2988 in
515 2939 560 2988 illo
572 2938 675 3001 negotio
692 2947 820 2989 versantes
835 2941 949 2991 insidiari
963 2941 1052 3006 pingui
1069 2942 1096 2990 in
1112 2942 1171 2991 leda
1186 2958 1265 3006 appa·

143 3005 208 3053 renti
220 3005 236 3052 i.
249 3018 270 3052 e.
282 3005 380 3054 curiose
392 3006 524 3069 speculari,
535 3007 638 3068 quando
649 3005 716 3055 illud
726 3006 820 3069 pingue
831 3015 964 3071 appareat;
977 3016 1032 3057 tum
1044 3009 1156 3058 attractis
1164 3009 1265 3059 fanisn-

143 3071 175 3120 lis
187 3071 292 3119 herbam
304 3085 360 3120 eam
370 3071 415 3120 rel.

178 3135 247 3196 §ld
265 3135 444 3198 Necaomd.
466 3132 685 3201 Νοσιιοιιειβγ.
709 3175 741 3186 ..
763 3144 801 3199 at,
814 3139 838 3188 d.
860 3145 945 3200 cata.
967 3137 1115 3204 catatssy.
1139 3181 1170 3190 ..
1192 3140 1264 3203 tata

144 3206 188 3253 ad.
211 3212 234 3252 et
245 3201 278 3265 id,
289 3198 341 3268 βγ.
358 3203 470 3267 perorari
480 3212 502 3252 et
513 3202 540 3252 id
549 3204 574 3253 ia
586 3203 616 3252 ia
627 3212 661 3253 ab
668 3203 728 3252 turis
743 3205 862 3266 arborem,
878 3206 911 3256 K.
936 3207 1054 3269 pancratis
1071 3215 1094 3254 et
1109 3206 1195 3255 ibidem
1211 3224 1263 3257 cum

145 3269 226 3319 tlaria
237 3272 329 3333 arbore,
341 3271 429 3322 Dalec.
447 3272 490 3322 Ex
501 3273 613 3336 vestigiis
624 3273 739 3322 codicum
751 3273 911 3324 scribendum
921 3273 1031 3323 ridetur:
1043 3271 1090 3322 alii
1098 3271 1147 3335 (sc.
1160 3284 1265 3326 sarram

143 3339 171 3389 in
183 3339 320 3390 Carmania
331 3345 356 3389 ct
372 3355 449 3404 snper
459 3340 606 3404 Aegyptum
623 3338 689 3403 esse)
704 3348 854 3404 qaaeramem
870 3338 898 3389 id
911 3338 1059 3403 (ladanum)
1072 3343 1131 3391 turis
1141 3343 1264 3406 arborem

143 3407 248 3457 voculae
260 3414 287 3455 at
298 3416 323 3456 et
334 3415 377 3455 aut
389 3416 459 3458 ortae
471 3416 530 3458 sunt
539 3423 574 3457 ax
582 3408 754 3472 dittographia
762 3410 831 3460 vocis
839 3406 885 3457 alii
891 3409 982 3460 litteris
990 3410 1132 3460 uncialibus
1142 3412 1264 3474 scriptam

142 3481 291 3534 generantem
304 3474 400 3524 abierat
410 3476 437 3526 in
447 3483 573 3539 perierante
585 3475 617 3537 in,
629 3477 697 3526 ands
708 3477 817 3525 arborem
828 3484 918 3541 postea
928 3478 956 3527 in
971 3476 1058 3526 arbore
1073 3485 1113 3529 est
1126 3487 1261 3529 mutatum.

143 3539 186 3588 Uti
197 3554 256 3588 vero
268 3541 334 3589 Plin.
344 3544 358 3602 ς
369 3547 409 3591 67.
422 3543 521 3592 dixerat
531 3544 669 3592 secundum
680 3544 862 3594 nonnullorum
873 3546 1020 3609 opinionem
1031 3559 1142 3596 murram
1155 3561 1188 3596 cx
1199 3546 1264 3596 turta

143 3606 232 3654 arbore
246 3607 328 3666 nasci,
345 3608 382 3655 ita
397 3608 424 3657 h.
440 3610 458 3657 l.
475 3611 581 3658 eandem
596 3610 658 3659 turis
669 3611 786 3660 arborem
796 3612 918 3661 ladanum
929 3613 1033 3674 gignere
1044 3613 1144 3676 aliquos
1155 3615 1263 3675 prodere

143 3672 210 3721 dicit.
230 3711 261 3721 ..
278 3671 397 3735 cummim,
409 3687 432 3722 a
448 3674 559 3737 pomata,
571 3676 595 3724 d.
611 3675 708 3739 qammi,
718 3672 771 3739 βγ.
787 3716 819 3726 ..
838 3676 918 3737 librar,
931 3680 1005 3729 Tad.
1024 3677 1093 3740 libro,
1104 3675 1134 3739 β.
1148 3718 1180 3728 ..
1198 3677 1262 3739 XL,

143 3755 165 3788 a
184 3738 281 3800 XXX,
293 3739 338 3789 Td
349 3736 436 3799 (codd.
448 3741 515 3790 Bud.
527 3743 558 3791 de
570 3757 625 3791 asse
636 3757 662 3806 p.
675 3741 747 3806 ata.)
765 3782 797 3794 ..
815 3741 935 3806 Siccanas,
947 3761 970 3794 a.
990 3783 1021 3794 ...
1039 3760 1088 3793 assa
1099 3743 1174 3803 debet,
1186 3761 1209 3794 a.
1227 3785 1260 3794 ..

142 3804 241 3856 iucunde
251 3805 336 3871 §raam
348 3813 403 3867 tum,
416 3808 446 3857 Τ.
464 3805 564 3855 iurando
574 3811 647 3872 pravi
658 3816 713 3870 tam,
725 3812 768 3860 ad.
787 3807 888 3860 iuranda
902 3818 1006 3875 protam,
1017 3806 1068 3876 βγ.
1090 3851 1123 3862 ...
1146 3818 1262 3877 myrteta,

142 3875 245 3925 Barbar.
263 3881 350 3938 myrta,
362 3876 406 3924 ad.
424 3914 456 3924 ..
474 3874 531 3939 iqui,
543 3877 601 3925 a¹d.
618 3874 679 3940 ipae,
690 3872 773 3941 ιιῖβγ.

176 3945 244 4006 §ta
262 3958 311 4005 qao
321 3939 463 4003 artaud.
490 3937 629 4007 qaaassr.
656 3983 688 3994 ...
714 3943 901 4007 mdieameatam,
914 3947 950 3995 a¹.
969 3986 1001 3996 ..
1019 3963 1037 3994 a
1051 3945 1207 4009 Graecam
1227 3988 1259 3998 -

143 4007 277 4071 enhaemon,
289 4011 420 4074 Theophr.
433 4011 491 4062 hist.
502 4011 581 4074 plant.
594 4011 641 4062 IV.
656 4015 678 4071 7,
690 4018 713 4062 2.
732 4012 849 4073 aubenton,
859 4028 881 4062 a
899 4013 1022 4074 embemom
1033 4014 1057 4064 d.
1070 4054 1102 4064 ..
1115 4012 1167 4078 bas,
1180 4006 1261 4066 dus.

143 4089 192 4136 eae,
205 4079 221 4124 d
226 4070 277 4139 βγ.
296 4117 328 4126 ..
345 4077 378 4137 ia,
390 4080 434 4128 ad.
452 4085 475 4126 et
486 4077 518 4139 in,
529 4073 581 4142 βγ.
600 4118 631 4128 ,.
649 4077 758 4127 Arabiae
769 4087 793 4127 st
800 4095 888 4143 pauca
905 4079 1038 4130 Praeterea
1053 4080 1115 4130 atui
1128 4083 1260 4132 communia

144 4138 284 4203 diceadmr.
311 4184 343 4193 ..
370 4143 448 4208 bias.
468 4186 499 4196 ...
525 4146 590 4208 mire,
603 4147 660 4196 ald.
679 4145 774 4207 mirrae,
786 4150 821 4198 a².
840 4146 958 4212 myrrhae,
969 4164 989 4200 r.
1008 4187 1040 4201 ...
1057 4147 1200 4214 adeateros,
1213 4154 1260 4201 ad.

143 4208 174 4256 ab
185 4208 278 4272 exteris,
289 4226 309 4261 r.
328 4217 426 4275 eatam,
437 4209 466 4274 β.
486 4253 516 4264 ..
536 4211 718 4278 alienarumque,
734 4206 848 4266 orror.
866 4223 890 4264 et
900 4214 1040 4279 alienarum
1050 4211 1079 4278 β.
1166 4251 1188 4279 ,
