2910 4792
148 245 212 313 4³0
499 260 704 310 uannmms
726 260 922 311 nrsroemn

148 416 198 504 pit
218 435 283 482 non
304 434 324 479 e
344 412 520 499 primordio
541 412 624 479 hanc
644 412 783 499 gretiam
807 413 919 493 fuisse,
954 414 1181 483 auctoritatem
1202 429 1291 503 post

149 515 418 585 sexcentesimum
437 514 528 581 urbis
549 536 670 581 annum
691 514 847 601 coepisse.

188 617 272 684 XII.
297 620 348 685 14.
370 617 544 685 Romulum
553 617 645 697 laete,
659 639 725 682 non
735 617 811 683 vino
825 617 944 685 libasse
957 617 1076 685 indicio
1090 629 1170 684 sunt
1183 642 1286 688 sacra
1299 642 1334 688 88

146 720 188 786 ab
210 742 249 786 eo
268 718 418 785 instituta
439 741 524 804 qnae
549 719 645 785 hodie
667 719 851 786 custodiunt
871 741 1003 786 morem.
1034 718 1164 787 Numae
1184 723 1284 810 regis

145 821 314 888 Postumia
326 820 381 888 lex
394 831 461 888 est:
483 821 582 901 „vino
595 842 711 910 rogum
724 844 766 887 ne
784 822 1000 909 respargit0”‚
1022 822 1110 907 qnod
1124 825 1283 892 sanxisse

144 924 236 991 illum
256 933 388 1010 propter
408 921 552 1009 inopiam
571 920 619 988 rei
641 942 736 989 nemo
756 921 894 989 dubitet.
915 921 1042 988 Eadem
1061 924 1134 1012 lege
1158 947 1201 991 ex
1221 927 1281 993 in-

144 1034 258 1113 putata
285 1024 352 1090 vite
378 1022 470 1090 libari
497 1022 573 1090 vina
601 1022 651 1088 dis
676 1023 767 1088 nefas
789 1023 912 1102 statuit,
940 1024 1063 1091 ratione
1084 1026 1281 1114 excogitata

144 1137 183 1194 nt
208 1136 322 1214 putare
347 1133 537 1212 cogerentur
565 1123 644 1189 alias
670 1133 812 1191 aratores
840 1133 873 1190 et
897 1122 984 1212 pigri
1012 1123 1098 1190 circe
1123 1126 1279 1212 pericula

146 1226 282 1301 arbusti.
317 1225 367 1292 M.
394 1225 504 1294 Varro
538 1235 651 1292 auctor
677 1235 727 1291 881
754 1224 955 1292 Mezentium
978 1223 1131 1293 Etruriae
1156 1250 1278 1316 regem

144 1329 299 1397 auxilium
327 1328 456 1395 Rutulis
485 1337 597 1394 contra
621 1326 759 1394 Latinos
787 1327 899 1394 tulisse
924 1326 992 1393 vini
1011 1328 1160 1396 mercede
1180 1331 1277 1415 quod

145 1440 214 1498 tum
233 1432 268 1497 in
288 1429 409 1496 Latino
432 1450 512 1517 agro
532 1428 657 1495 fuisset

185 1516 288 1598 XIII.
320 1531 395 1597 Non
420 1530 539 1597 licebat
565 1530 601 1596 id
626 1530 754 1599 feminis
778 1530 901 1598 Romae
926 1530 1046 1598 bibere.
1063 1529 1274 1609 ¹Invenimus
1287 1550 1322 1597 se

143 1636 230 1702 inter
256 1632 404 1719 exempla
423 1630 546 1718 Egnati
566 1630 698 1699 Meceni
718 1628 864 1712 uxorem,
890 1634 978 1719 quod
999 1633 1111 1700 vinum
1130 1633 1274 1707 bibisset

146 1759 165 1804 e
186 1734 280 1815 dolio,
302 1732 503 1801 interfectam
522 1731 601 1798 iusti
622 1756 643 1798 a
663 1732 778 1800 marito
801 1756 940 1821 eumque
960 1735 1067 1801 caedis
1088 1757 1109 1800 8
1128 1733 1273 1804 Romulo

143 1837 338 1906 absolutum.
367 1833 492 1902 Fabius
512 1833 626 1901 Pictor
650 1834 685 1901 in
711 1833 880 1902 annalibus
908 1835 975 1902 suis
997 1836 1125 1923 scripsit
1143 1847 1271 1904 matro-

144 1963 230 2018 nam,
252 1937 340 2024 quod
361 1937 481 2005 loculos
502 1936 536 2002 in
556 1935 675 2022 quibus
696 1947 788 2002 erant
808 1938 915 2004 818888
935 1936 1077 2004 vinariae
1097 1937 1198 2005 cellae
1211 1961 1272 2007 re·

146 2041 351 2129 signavisset,
373 2062 394 2105 8
414 2038 482 2105 8818
502 2037 610 2105 inedia
630 2037 711 2104 mori
732 2047 895 2116 coactam3
923 2036 1006 2105 Cato
1029 2038 1104 2106 ideo
1129 2039 1320 2126 propin-so

145 2164 227 2228 quos
253 2140 384 2208 feminis
410 2139 556 2207 osculum
582 2139 659 2206 dare
686 2149 724 2207 ut
750 2140 870 2208 scirent
890 2162 933 2205 an
953 2149 1106 2207 temetum
1124 2141 1251 2208 olerent
1258 2169 1271 2222 ;

145 2244 207 2311 hoe
238 2253 308 2309 tum
338 2264 456 2307 nomen
486 2240 561 2311 8188
594 2250 678 2321 erat,
711 2241 798 2308 unde
824 2251 858 2307 81
884 2240 1071 2308 temulentia
1094 2242 1271 2329 appellata

146 2342 209 2412 On.
230 2342 394 2410 Domitius
420 2343 519 2409 iudex
545 2341 764 2429 pronuntiavit
787 2343 955 2411 mulierem
980 2342 1082 2410 videri
1102 2343 1177 2429 plus
1198 2345 1272 2412 vini

144 2445 267 2512 bibisse
288 2466 385 2528 quam
406 2441 599 2509 valetudinis
627 2465 726 2513 causa
746 2443 817 2510 viro
841 2442 999 2510 insciente
1025 2451 1058 2509 et
1084 2443 1160 2510 dote
1180 2447 1270 2513 mul-

147 2547 244 2624 tavit3
272 2545 392 2629 (linque
419 2544 489 2610 eius
514 2542 563 2609 rei
589 2566 708 2630 magna
727 2545 923 2630 parcimonia
944 2543 1017 2610 fuit.
1048 2543 1091 2608 L.
1112 2544 1269 2633 Papirius
1283 2563 1314 2608 rr

144 2646 307 2732 inperator
334 2644 491 2710 adversus
514 2641 676 2710 Samnites
705 2645 914 2712 dimicaturus
935 2655 1046 2712 votum
1066 2645 1144 2713 iecit
1165 2648 1193 2713 si
1215 2650 1271 2716 vi-

145 2748 245 2814 cisset
269 2743 340 2810 Iovi
361 2743 515 2830 pocillum
535 2743 612 2810 8181.
644 2743 795 2832 Denique
821 2747 906 2813 inter
933 2747 1017 2812 (1888
1038 2748 1193 2814 sextarios
1213 2750 1268 2814 la-

144 2847 206 2915 ctis
238 2846 331 2912 datos
361 2844 554 2926 invenimus,
586 2868 747 2932 nusquam
777 2848 854 2915 vini.
889 2848 981 2914 Idem
1010 2846 1093 2914 Cato
1124 2872 1199 2916 cum
1229 2851 1269 2917 in

144 2947 338 3036 Hispaniam
357 2946 535 3037 navigaret,
564 2948 651 3015 unde
677 2972 752 3017 cum
773 2951 933 3037 triumpho
953 2950 1061 3030 rediit,
1090 2972 1155 3017 non
1175 2952 1271 3019 alind

178 3156 308 3209 8881881188
319 3166 360 3221 eet,
372 3175 396 3209 8.
418 3158 558 3220 crebritate
569 3173 656 3221 omen,
669 3159 692 3210 tl.

178 3225 248 3288 §88-
264 3227 396 3285 Postumia,
406 3227 511 3277 Barbar.
531 3218 742 3288 Ρ88118181,881.
765 3227 883 3289 Portare,
896 3230 932 3281 ⁸¹.
950 3227 1064 3294 portmt‘,
1075 3229 1099 3280 (1.
1116 3225 1270 3293 postiemum,

144 3296 302 3346 Freinshem.
314 3296 366 3344 inrt
378 3295 447 3345 Flor.
459 3311 479 3345 s.
492 3293 518 3342 h.
530 3309 554 3343 8.
568 3303 686 3357 pererra,
702 3295 806 3346 Mullcr.
820 3299 854 3348 erl
864 3299 933 3347 Fert.
945 3312 971 3361 p.
983 3301 1041 3348 863.
1064 3335 1096 3347 ..
1117 3296 1269 3360 8888889118,

145 3363 192 3414 ad.
209 3361 346 3425 8888889118,
356 3356 409 3425 fir.
429 3401 461 3411 ..
479 3358 580 3420 debitat,
591 3363 645 3413 Tu.
664 3402 696 3412 -
714 3360 816 3424 Eadem,
828 3379 852 3413 8.
870 3363 946 3426 adest,
959 3367 983 3415 (1.

179 3430 249 3492 §89-
265 3426 393 3490 Mecenns't',
401 3428 505 3478 Barbar.
523 3426 638 3490 Metenni,
648 3430 672 3479 (1.
689 3429 821 3492 Martenoi,
833 3423 862 3480 θ.
879 3429 1044 3493 Metentioie.
1060 3426 1160 3488 Metelli,
1171 3429 1270 3483 Valet.

144 3497 217 3548 Max.
227 3494 276 3545 VI.
288 3501 312 3555 8,
325 3500 349 3544 9.
371 3535 404 3544 -
418 3493 493 3558 fusti,
505 3496 579 3544 Tad.
594 3496 670 3559 suste,
682 3499 755 3546 codd.
769 3497 826 3549 Gel.
844 3494 874 3561 β.
888 3498 978 3560 furtim
990 3494 1123 3561 (adverb),
1139 3497 1218 3561 Pigh.
1231 3503 1269 3551 ad

144 3563 232 3614 Valer.
243 3562 317 3612 Max.
329 3563 347 3612 l.
358 3562 376 3611 l.
394 3602 427 3612 ...
445 3560 518 3610 881188
529 3561 645 3626 vinariae,
657 3566 682 3614 (1.

178 3633 246 3695 590.
264 3627 368 3688 clareat,
380 3646 402 3681 8.
421 3627 480 3679 deri
488 3637 522 3692 81,
534 3631 559 3680 (1.
577 3628 686 3694 demirer,
701 3624 731 3682 θ.
749 3673 781 3683 ..
799 3630 900 3696 18888.
919 3673 952 3684 ..
969 3629 1164 3696 nomeu-unde,
1177 3634 1203 3685 (1.
1221 3649 1266 3684 ao·

144 3697 205 3746 mine
216 3697 241 3747 in
253 3695 400 3758 8888888818,
412 3713 435 3746 8.
454 3738 486 3747 ..
505 3696 635 3760 terrulenta,
647 3715 670 3749 a.
689 3741 721 3749 ..
739 3699 795 3761 vini,
807 3703 852 3750 ad.
871 3701 929 3752 Om.
940 3713 966 3764 r.

178 3768 247 3830 §⁹¹-
266 3763 425 3825 8888118811.
444 3805 476 3815 ..
495 3764 571 3827 188118,
584 3768 723 3817 omitted.
741 3807 773 3817 ..
797 3766 884 3830 vinum,
895 3785 916 3818 r.
933 3768 1011 3817 vinum
1023 3766 1106 3832 inquit,
1118 3769 1163 3819 ad.
1186 3767 1267 3832 inquit

143 3828 292 3898 818881,βγ.
310 3873 342 3882 ..
367 3831 431 3893 bibit,
444 3849 483 3882 ar.
501 3831 602 3896 818111.
627 3829 744 3899 1811,βγ.
763 3875 795 3884 ..
817 3835 1266 3901 88818881,8(1.Α8Ρ118.8888ῲαοι·

85 3913 88 3918 ·
145 3901 305 3964 rescripsit?
323 3940 355 3950 ..
374 3898 493 3961 88881818,
504 3903 529 3950 (1.

179 3970 193 4030 §
206 3973 246 4018 92.
264 3966 409 4034 88881881
422 3964 524 4029 (Ambr.
536 3969 571 4020 11.
583 3974 609 4018 et
619 3969 710 4034 reliqui
722 3970 798 4019 codd.
810 3966 900 4034 Rene.)
921 3970 988 4030 miro,
1000 3987 1016 4021 8
1027 3967 1131 4033 (Ambr.
1143 3969 1173 4032 1.,
1185 3971 1266 4022 codd.

144 4033 250 4084 Barbari
262 4043 288 4084 81
297 4035 415 4086 salmasii
427 4049 509 4085 exerc.
520 4051 546 4100 p.
560 4042 650 4087 1018.
664 4034 706 4099 0.)
723 4051 789 4085 muro
799 4039 840 4088 rel
851 4037 950 4099 888188,
959 4038 1003 4088 8111
1014 4039 1072 4088 libri
1084 4039 1191 4090 Salmas.
1208 4040 1266 4091 Va-

144 4102 183 4151 ria
193 4108 292 4152 tentant
302 4104 405 4153 Barbar.
417 4111 442 4153 et
454 4103 575 4167 Salmas.;
587 4105 768 4155 8181881888.
778 4107 920 4157 8111181188.
931 4120 983 4156 ver.
996 4106 1056 4156 bist.
1067 4106 1130 4157 XII.
1140 4113 1182 4167 81,
1193 4110 1218 4158 7.
1232 4147 1266 4158 .-

145 4167 282 4229 aromatite,
302 4161 345 4219 θᾱ
361 4167 450 4233 (codd.
463 4168 534 4232 Gel.)
559 4172 735 4234 aromaticae.
760 4172 947 4234 cromatico,T.
973 4169 1267 4237 coerceamcodc.

145 4232 235 4298 Rara.)
252 4234 387 4297 aromatite,
399 4231 427 4297 β.
447 4277 478 4287 ,
496 4237 641 4300 Dorsennus,
653 4233 705 4291 θᾱ.
722 4240 856 4303 norem,
867 4240 892 4291 Τ
903 4237 1006 4304 (Ambr.
1019 4239 1054 4303 I.)
1071 4241 1231 4306 Dumatha
1241 4259 1266 4293 8.
