2896 4800
397 283 467 330 um.
484 285 560 331 vm.
589 283 667 330 cnr.
684 283 838 331 v11.v111.
868 283 965 330 sacr.
981 285 1000 327 r.
1014 285 1033 326 a.
1229 268 1268 331 75

152 433 212 501 sub
236 433 329 500 oculo
358 435 507 499 adactum
534 434 570 498 in
591 435 700 499 vitalia
721 433 836 519 capitis
857 444 997 498 venerat.
1019 433 1173 499 Universi
1194 455 1268 499 eru-
1283 453 1312 498 21

137 534 292 621 ptionem
320 545 515 620 temptavere
546 557 610 601 non
634 535 703 600 siue
731 534 901 600 vexatione
928 535 1040 620 populi
1065 535 1269 601 circumdatis

152 635 279 709 clathris
300 635 414 701 ferreis
420 660 430 712 3
456 656 524 718 qua
553 634 594 700 de
616 658 713 701 causa
735 633 857 701 Caesar
878 634 1014 700 dictator
1034 645 1146 719 postea
1168 635 1270 701 simile

151 736 368 820 spectaculum
384 735 529 800 editurus
545 737 665 820 euripis
678 736 831 801 harenam
846 734 1068 811 circumdedit,
1090 755 1170 817 quos
1183 732 1270 800 Nero

150 838 299 922 princeps
329 836 461 902 sustulit
482 836 584 918 equiti
603 836 674 901 loca
695 836 826 900 addens.
855 833 923 900 Sed
943 834 1134 920 Pompeiani
1155 834 1271 899 amissa

150 939 247 1025 fugae
269 959 327 1022 spe
347 935 601 1001 misericordiam
621 934 709 1020 volgi
730 934 935 1000 inenarrabili
956 934 1068 999 habitu
1081 942 1271 1017 quaerentes

151 1038 384 1125 supplicavere,
412 1036 552 1119 quadam
575 1057 645 1100 sese
671 1035 896 1100 lamentatione
923 1037 1163 1121 conplorantes„
1184 1043 1271 1099 tanto

149 1139 263 1226 populi
289 1138 398 1202 dolore
426 1146 463 1201 ut
490 1135 608 1201 oblitus
635 1136 825 1221 inperatoris
845 1159 883 1201 ac
903 1136 1139 1201 munificentiae
1159 1134 1272 1200 honori

151 1261 209 1303 suo
242 1237 422 1321 exquisitae
453 1237 534 1302 flens
561 1237 730 1303 universus
760 1247 968 1324 consurgeret
996 1238 1147 1320 dirasque
1172 1233 1271 1300 Pom-

149 1339 223 1424 peio
250 1361 331 1423 quas
351 1338 405 1404 ille
425 1360 503 1403 mox
528 1338 589 1403 luit
609 1338 838 1424 inprecaretur.
870 1337 1063 1424 Pugnavere
1086 1346 1118 1401 et
1140 1333 1272 1400 Caesari
1286 1357 1318 1403 aa

151 1439 299 1505 dictatori
331 1439 425 1504 tertio
452 1441 619 1505 consulatu
647 1440 716 1505 eius
744 1439 860 1527 viginti
887 1449 998 1505 contra
1022 1437 1149 1523 pedites
1176 1436 1270 1520 quin-

150 1549 265 1626 gentos
291 1538 471 1624 iterumque
499 1540 631 1606 totidem
658 1541 765 1606 turriti
790 1562 863 1606 cum
890 1539 1060 1628 sexagenis
1085 1558 1270 1624 propugna-

150 1642 284 1719 toribus,
308 1642 423 1707 eodem
444 1663 508 1727 quo
529 1634 637 1729 priore
658 1665 792 1707 numero
813 1642 961 1728 peditum
983 1652 1016 1707 et
1035 1641 1107 1727 pari
1129 1639 1272 1722 equitum

150 1764 192 1806 ex
213 1741 348 1807 adverso
368 1743 553 1821 dimicante,
573 1751 685 1828 postea
706 1743 841 1830 singulis
862 1741 1061 1828 principibus
1081 1737 1219 1804 Claudio
1238 1746 1273 1803 et

149 1841 271 1908 Neroni
291 1844 326 1907 in
348 1845 620 1910 consummatione
642 1844 865 1930 gladiatorum.
887 1844 996 1930 Ipsius
1017 1842 1162 1907 animalis
1183 1849 1316 1905 tantam

149 1953 298 2007 narratur
326 1944 494 2010 clementia
522 1955 633 2011 contra
658 1945 765 2010 minus
792 1945 915 2011 validos
935 1944 1028 2009 utin
1048 1965 1149 2030 grege
1170 1962 1270 2027 pecu·

150 2043 228 2108 dum
249 2045 449 2109 occurrentia
470 2068 569 2110 manu
589 2045 760 2125 dimoveat,
782 2069 824 2111 ne
846 2047 933 2130 quod
945 2054 1072 2130 optarat
1084 2042 1269 2129 inprudens,

148 2167 209 2209 nec
233 2145 296 2209 nisi
325 2143 467 2210 lacessiti
493 2154 610 2209 nocent
635 2145 733 2228 idque
761 2167 835 2209 cum
862 2145 1020 2230 gregatim
1047 2164 1174 2225 semper
1201 2163 1269 2204 am-

148 2244 272 2320 bulent,
293 2244 441 2321 minume
467 2265 509 2308 ex
537 2242 685 2308 omnibus
708 2243 852 2330 solivagi.
885 2243 1043 2326 Equitatu
1064 2238 1272 2306 circumventi

47 2382 52 2389 ι
149 2342 292 2406 infirmos
313 2352 369 2411 aut
391 2343 496 2407 fessos
516 2343 737 2409 volneratosve
758 2344 793 2408 in
813 2343 954 2407 medium
974 2364 1091 2430 agmen
1110 2340 1272 2426 recipiunt

150 2465 188 2507 ac
209 2443 298 2507 velut
325 2440 449 2526 inperio
470 2454 527 2508 aut
547 2443 672 2509 ratione
693 2466 753 2530 per
774 2444 855 2512 vicis
878 2444 1061 2510 subeuntes.
1097 2439 1194 2530 Capti
1216 2462 1270 2507 ce·

148 2542 275 2608 lerrime
295 2541 500 2608 mitificantur
519 2545 632 2610 hordei
654 2569 740 2612 suco.
1199 2544 1202 2548 ’

196 2642 291 2709 VIII.
331 2643 361 2708 8.
396 2641 578 2730 Capiuntur
606 2656 713 2738 autem
745 2648 779 2713 in
811 2647 905 2713 India
935 2671 1035 2713 unum
1068 2670 1109 2713 ex
1142 2644 1270 2710 domitis
1284 2662 1316 2706 24

149 2754 267 2831 agente
298 2754 421 2811 rectore
461 2745 516 2828 qui
549 2747 786 2832 deprehensum
819 2749 996 2815 solitarium
1027 2749 1218 2814 abactumve
1250 2768 1270 2810 a

148 2868 250 2933 grege
271 2844 419 2911 verberet
438 2845 553 2926 ferum,
582 2870 645 2932 quo
672 2849 808 2936 fatigato
837 2851 1033 2917 transcendit
1058 2850 1092 2914 in
1114 2873 1187 2914 eum
1208 2870 1269 2913 nec

149 2967 243 3011 secus
264 2968 302 3010 ac
323 2946 464 3031 priorem
483 2948 579 3035 regit.
615 2947 731 3014 Africa
751 2950 854 3016 foveis
876 2951 972 3037 capit,
1003 2952 1036 3014 in
1065 2972 1146 3034 quas
1174 2951 1267 3014 deer-

148 3054 240 3110 rante
267 3045 373 3128 aliquo
399 3045 546 3130 protinus
573 3048 671 3111 ceteri
697 3059 875 3134 congenmt
899 3071 1015 3126 ramos,
1043 3051 1135 3114 molis
1158 3047 1268 3132 devol-

149 3154 243 3223 vont,
273 3167 418 3233 aggeres
451 3155 639 3212 construunt
667 3147 817 3230 omnique
848 3148 881 3212 vi
909 3158 1063 3214 conantur
1092 3148 1268 3214 extrahere.

183 3281 198 3344 ἓ
211 3282 444 3414 22βιιίηᾳιια9ἰηία,
453 3287 487 3336 Κ.
505 3287 543 3338 At
551 3303 574 3337 v.
585 3285 701 3339 Oudend.
711 3288 744 3337 ad
752 3287 822 3344 Sues.
833 3287 906 3339 Caes.
917 3293 957 3339 39.
970 3329 1003 3339 ..
1015 3286 1150 3350 iterumque,
1159 3279 1267 3338 ROTd.

148 3350 238 3411 iterum,

147 3415 205 3480 puli,
216 3415 268 3485 βγ.

182 3486 197 3545 §
210 3491 249 3535 23.
268 3487 322 3546 aa,
334 3488 388 3538 d¹r.
408 3529 440 3538 -
459 3488 559 3551 validos,
570 3482 677 3542 ROTd.
695 3488 785 3551 rabdo,
797 3492 865 3541 Pint.
877 3487 906 3550 β.
919 3533 950 3540 -
969 3490 1145 3552 occurrentium,
1158 3490 1267 3540 Salmas.

150 3563 234 3598 exerc.
253 3566 279 3613 p.
300 3557 358 3603 217.
381 3570 403 3603 a.
422 3557 456 3604 D.
475 3595 507 3605 -
529 3556 595 3619 quid,
612 3559 644 3608 Κ.
668 3597 698 3608 ..
722 3565 811 3619 nocent,
827 3559 910 3607 RTd.
941 3565 1047 3616 noceant,
1063 3553 1114 3619 βγ.
1137 3596 1169 3604 -
1197 3553 1268 3615 idque

148 3613 397 3733 Βαΐῆαζὲιθιῖἴῗξὲ
402 3621 428 3670 S.
447 3619 516 3682 bique
527 3624 693 3740 congrepgitp‘m,
706 3625 759 3673 Tu.
771 3618 1192 3747 tidfpgrssffiyalimhfiy.a-twad
1202 3700 1260 3732 om
1363 3692 1367 3699 Ι

148 3750 215 3801 Pint.
235 3791 266 3800 ..
284 3703 619 3814 alanta-roffrido&
629 3727 668 3806 R..
686 3705 791 3814 Emisit:
802 3750 853 3817 βγ.
872 3794 904 3802 -
922 3702 1130 3817 ειαοοᾶρειζθῖ
1149 3750 1226 3814 celeri,
1243 3723 1267 3803 dl

149 3859 180 3870 ..
199 3817 347 3882 mitigantur,
360 3817 464 3869 (iomar.
476 3820 509 3867 ad
520 3819 634 3869 Dioscor.
648 3829 671 3883 2,
686 3825 725 3871 76.
1087 3826 1089 3830 ’

182 3884 251 3946 §aa
269 3886 468 3950 uerberetferma,
484 3879 512 3935 θ.
531 3887 626 3934 uerbere
638 3886 753 3947 alfetum,
767 3887 791 3934 d.
808 3885 902 3933 verbm
913 3885 1003 3948 iterata,
1015 3888 1047 3936 R.
1064 3886 1266 3953 subversarum,

147 3948 176 4013 β.
195 3953 314 4005 Ceterum
327 3955 391 4004 haec
402 3959 504 4017 sumpta
515 3959 575 4003 sunt
583 3968 616 4002 ex
627 3954 733 4003 Aristot.
745 3953 805 4002 hist.
818 3953 895 4001 anim.
909 3959 933 4013 9,
948 3960 969 4003 1.
982 3970 1007 4018 p.
1020 3959 1087 4005 510⁸
1099 3962 1140 4006 24.
1158 3997 1189 4006 ..
1200 3955 1265 4019 futi-

148 4019 218 4084 9atis,
231 4025 262 4073 R.
281 4063 312 4070 -
335 4021 403 4086 repit,
417 4037 467 4071 0111.
481 4024 504 4071 d.
524 4061 556 4070 ..
575 4036 660 4083 aquus,
671 4021 716 4069 R'.
734 4060 766 4069 -
786 4029 963 4084 conproqootur,
976 4024 1006 4073 Τ.
1025 4065 1056 4074 ..
1076 4024 1265 4086 οηιηίᾳιιε,Βᾱ’.

149 4102 280 4151 omoeoque,
293 4088 360 4139 Td2.
378 4104 500 4153 omnaque
512 4088 595 4149 mcum,
607 4089 640 4139 Κ.
653 4129 685 4138 -
703 4095 826 4148 conantur,
838 4089 946 4139 lurda
964 4098 1086 4154 negantur,
1098 4092 1133 4141 R¹
1142 4094 1180 4140 dl.
1200 4092 1265 4142 Cum

149 4156 218 4204 vocis
230 4155 254 4203 oi
264 4157 290 4204 in
302 4157 430 4208 codicibus
442 4157 520 4206 modo
533 4157 620 4206 tenuia
630 4163 731 4206 exstent
742 4157 856 4218 vestigia,
869 4172 901 4208 ex
913 4159 1029 4210 ductibus
1040 4160 1180 4211 litterarum
1193 4159 1264 4208 eolli-

149 4234 183 4282 go
195 4222 307 4271 Plinium
318 4223 424 4287 omnique
436 4239 479 4289 ope
491 4239 541 4274 con.
554 4224 694 4288 scripsisse;
707 4240 730 4273 v.
745 4227 767 4285 7,
781 4228 837 4275 186.

273 3388 280 3402 .
298 3393 330 3403 -
344 3352 434 3417 priore,
446 3347 503 3405 Ro.
520 3353 609 3419 priori,
621 3354 698 3406 STd.
716 3355 818 3419 priores,
829 3351 880 3421 βγ.
902 3396 934 3406 -
955 3354 1062 3420 singulos,
1074 3348 1196 3407 Istrus.
1218 3353 1267 3404 sin-
