2896 4800
144 210 207 273 392
496 226 700 276 strumus
721 229 916 278 ursrorunn

62 396 65 401 ·
145 391 228 457 tum,
260 379 470 447 crassitudine
500 382 715 466 quadrantali,
747 384 914 468 maiusque
942 384 1131 450 miraculum
1157 385 1192 451 in
1227 411 1271 454 ea

145 492 196 547 est
216 482 295 560 artis
315 484 435 549 latente
455 483 616 564 iunctura,
639 508 736 570 quam
756 485 916 572 potuisset
937 508 1008 552 esse
1029 497 1179 568 naturae3
1210 513 1270 556 so·
1282 511 1316 555 ae

118 596 121 600 “
143 583 209 648 lida
234 595 341 651 autem
367 609 388 650 a
407 584 525 652 Nomio
546 586 657 652 Trlreri
679 584 829 653 Caesaris
853 586 968 654 liberto
995 610 1173 677 cognomen
1195 602 1267 657 tra-

143 685 250 765 hente,
278 686 382 753 tribus
408 686 538 754 sicilicis
564 688 650 753 infra
670 697 819 772 quattuor
839 689 940 776 pedes
962 690 1157 775 totidemque
1178 692 1270 758 infra

32 794 35 799 '
143 787 340 875 semipedem
367 788 597 856 crassitudinis.
632 788 708 872 Qua
734 791 769 855 iu
795 813 831 856 re
852 814 917 857 non
938 793 1149 858 omittendum
1168 793 1266 860 vide-

131 901 195 955 ·tur
227 889 358 956 Tiberio
391 890 529 978 principi
561 915 705 958 mensam
740 903 893 978 quattuor
924 893 1024 981 pedes
1053 906 1199 962 sextante
1231 907 1267 963 et

143 991 263 1058 sicilico
285 994 503 1073 excedentem,
527 1004 594 1059 tota
615 1017 691 1062 vero
706 995 919 1061 crassitudine
934 997 1133 1076 sescunciali,
1155 998 1266 1085 operi-

142 1105 252 1161 mento
280 1094 406 1161 lamnae
433 1097 584 1162 vestitam
611 1096 723 1175 fuisse,
756 1118 831 1162 cum
857 1107 923 1162 tam
952 1099 1059 1185 opima
1079 1097 1196 1165 Nomio
1222 1100 1266 1165 li-

142 1195 233 1263 berto
256 1197 326 1263 eius
348 1208 445 1277 esset,
471 1199 563 1265 cuius
589 1198 725 1264 materia
746 1208 815 1264 erat
836 1198 939 1265 tuber.
972 1198 1047 1264 Hoc
1074 1210 1124 1266 est
1144 1200 1268 1269 radicis
1280 1223 1312 1267 aa

141 1299 257 1364 vitium
283 1322 498 1385 maxumeque
526 1300 561 1365 in
590 1322 627 1366 eo
654 1300 829 1380 laudatum,
859 1300 946 1385 quod
973 1300 1034 1366 sub
1056 1310 1141 1366 terra
1161 1312 1267 1368 totum

142 1401 242 1469 fuerit
262 1411 295 1466 et
314 1402 419 1466 rarius
440 1423 537 1484 quam
557 1423 640 1485 quae
661 1399 962 1487 supemequaeque
976 1403 1154 1490 gignuntur
1168 1403 1268 1469 etiam

142 1503 177 1568 in
197 1503 305 1580 ramis,
327 1502 521 1588 proprieque
545 1502 634 1586 quod
655 1503 736 1567 tanti
758 1504 875 1567 emitur
896 1503 1047 1569 arborum
1067 1503 1182 1571 vitium
1203 1515 1265 1584 est,

144 1626 281 1688 quarum
302 1603 480 1688 amplitudo
501 1625 540 1668 ac
560 1603 686 1668 radices
707 1603 881 1668 aestumari
902 1614 1039 1690 possunt
1060 1627 1102 1670 ex
1123 1604 1265 1672 orbibus.

144 1702 230 1771 Sunt
268 1715 378 1771 autem
410 1727 562 1797 cupresso
593 1704 731 1770 feminae
769 1704 944 1770 etiamnum
976 1704 1114 1771 silvestri
1146 1705 1267 1772 similes

144 1807 231 1885 folio,
264 1806 372 1886 odore,
397 1806 547 1872 caudice.
584 1805 779 1873 Ancorarius
817 1828 911 1872 mons
943 1817 1077 1873 vocatur
1109 1808 1267 1875 citerioris

142 1909 378 1989 Mauretaniae,
402 1909 458 1993 qui
479 1908 732 1975 laudatissimam
744 1907 837 1979 ¹dedit
851 1907 976 1986 citrum,
998 1908 1063 1974 iam
1078 1909 1265 1976 exhaustus.

172 2008 237 2078 30.
271 2010 397 2078 Mensis
424 2006 600 2097 praecipua
628 2011 687 2077 dos
713 2011 748 2075 in
774 2031 890 2076 venam
918 2010 1034 2096 crispis
1061 2013 1115 2079 vel
1134 2011 1168 2076 in
1189 2035 1265 2078 ver·
1278 2029 1313 2075 ss

142 2114 223 2179 tices
243 2136 373 2201 parvos.
395 2111 482 2178 Illud
503 2111 641 2201 oblongo
663 2111 772 2178 evenit
792 2111 940 2177 discursu
961 2111 1097 2197 ideoque
1112 2113 1265 2200 tigrinum
1345 2193 1349 2200 ⁶

100 2250 102 2254 Α
142 2216 335 2303 appellatur,
367 2216 429 2281 hoc
457 2215 577 2281 intorto
603 2225 635 2280 et
662 2214 737 2279 ideo
764 2214 843 2279 tales
869 2212 1078 2299 pantherinae
1099 2224 1264 2280 vocantur.

83 2362 87 2367 -
144 2313 229 2383 Sunt
250 2328 284 2383 et
303 2317 448 2383 undatim
470 2317 606 2403 crispae,
634 2316 756 2381 maiore
777 2314 882 2403 gratia
910 2313 938 2378 si
959 2336 1122 2400 pavonum
1143 2315 1266 2382 caudas

142 2420 252 2486 oculos
278 2418 452 2484 imitentur.
495 2418 619 2507 Magna
646 2440 722 2486 vero
751 2426 827 2503 post
846 2415 905 2481 has
926 2416 1032 2504 gratia
1057 2426 1147 2482 extra
1167 2439 1264 2505 prae·
1278 2431 1310 2480 at

143 2521 246 2585 dictas
267 2521 381 2608 crispis
407 2520 509 2586 densa
530 2520 631 2586 veluti
651 2519 745 2608 grani
766 2517 927 2606 congerie,
955 2538 1036 2602 quas
1057 2519 1099 2586 ob
1120 2519 1158 2584 id
1175 2543 1197 2585 a
1213 2519 1263 2585 'si-

143 2619 321 2686 militudine
348 2620 472 2707 apiatas
500 2629 633 2696 vocant3
668 2641 792 2684 summa
818 2640 895 2684 vero
916 2618 1059 2685 omnium
1079 2620 1114 2685 in
1140 2619 1263 2696 colore;

143 2721 197 2786 hio
222 2743 373 2787 maxume
398 2720 492 2786 mulsi
506 2721 637 2808 placet,
663 2720 754 2787 venis
781 2720 847 2785 suis
874 2719 1050 2808 refulgens.
1081 2718 1162 2795 Post
1181 2719 1264 2792 haec

178 2930 264 2982 latente
279 2931 396 2995 ancara,
407 2933 475 2985 delet
487 2933 606 2986 ciaccon.
624 2973 657 2984 ...
675 2941 783 2996 nataae,
795 2937 840 2986 ad.
857 2940 955 2994 mara,
966 2927 996 2994 β.

178 3002 246 3066 §ac
272 2999 363 3064 solida,
380 3001 411 3052 Τ.
437 2999 540 3066 solidae,
555 3005 620 3067 adr.
637 3003 723 3054 Etiam
739 2998 761 3064 β
776 3005 804 3053 id
819 3004 898 3053 habet
908 3002 1018 3053 reterens
1029 3001 1064 3050 ed
1074 2999 1211 3064 superiora
1230 3039 1264 3055 -,

144 3069 316 3132 catem,Tad.
341 3068 403 3132 ium,
415 3073 487 3122 codd.
500 3062 558 3123 del.
569 3066 598 3132 β.
625 3111 658 3121 ...
688 3069 780 3121 Tiberii
788 3071 870 3122 omitt
882 3071 979 3135 Tadr.
1006 3107 1038 3118 ...
1057 3065 1175 3146 cainan,
1187 3069 1264 3119 Tad.

144 3135 266 3254 oro
277 3133 378 3255 a..
388 3137 546 3258 reru
616 3140 643 3189 ¹1·
655 3136 867 3255 'arra
878 3135 922 3256 r
932 3138 957 3187 ..
975 3175 1006 3187 -
1024 3133 1266 3252 surra

144 3272 209 3321 caius
217 3220 327 3322 ‘sidiarid
342 3222 488 3335 erdtlddbdr,
499 3222 744 3324 .vffmpqnmnu;utq
754 3223 830 3325 iader.
843 3219 1037 3324 ildonis-stad.)
1045 3285 1083 3320 nr.
1097 3239 1153 3318 lto.
1165 3284 1190 3332 p.
1204 3238 1264 3319 2Θῖ

148 3340 233 3401 dubo,
245 3342 332 3405 'l'adr
342 3356 436 3406 novam
447 3343 508 3391 hinc
517 3343 649 3406 periodum
661 3341 819 3406 incipientes.
981 3374 983 3378 -
1098 3401 1104 3413 Ι
1127 3358 1129 3363 ·

178 3407 246 3467 §aa
269 3408 351 3457 vitiam
368 3416 394 3457 et
410 3407 436 3455 in
450 3424 478 3457 co
495 3411 576 3458 omitt.
594 3410 691 3471 Tadr.
714 3448 744 3457 ..
768 3422 868 3473 superne
884 3421 1003 3471 quosqam
1018 3416 1066 3469 pro
1078 3401 1118 3450 lut
1129 3413 1170 3448 VV-
1182 3400 1265 3452 habet

143 3489 260 3538 superque
271 3491 294 3536 a,
305 3464 429 3542 srtperfslsss
436 3478 460 3526 d.
478 3516 510 3525 -
520 3475 638 3538 seminas,
650 3476 687 3524 di.
705 3481 784 3539 atque,
795 3477 832 3526 (1¹.
842 3475 951 3539 feminae
961 3481 1039 3551 etque,
1050 3485 1074 3519 a
1087 3507 1119 3517 -
1136 3465 1264 3549 Anotera.

144 3540 203 3605 rius,
215 3556 239 3591 a.
256 3582 290 3592 ..
306 3542 399 3603 soum,
411 3542 484 3594 Tad.
502 3541 604 3607 cedrum,
614 3538 644 3605 β.
662 3583 694 3593 ...
712 3542 833 3592 extamus
844 3543 936 3592 memes.
947 3542 1094 3604 Ρνωοφυα,
1105 3538 1161 3587 θθᾱ·
1175 3537 1262 3588 Uram·

145 3625 187 3675 ap.
201 3609 320 3660 Claccon.
333 3611 364 3661 de
376 3610 442 3660 tricl.
455 3626 480 3675 p.
495 3617 551 3664 14⁸.

179 3681 246 3743 596.
273 3677 298 3727 in
310 3693 400 3740 cenom,
416 3679 529 3732 STadr.
556 3678 717 3740 inconscii.
744 3677 848 3738 iuvene,
858 3672 888 3739 β.
916 3708 948 3727 ...
974 3675 1177 3750 scampinam,
1189 3673 1264 3723 Tad.

145 3745 253 3795 varicem
265 3745 365 3810 porcia,
381 3747 408 3798 S.
434 3745 531 3797 vertices
542 3748 638 3812 pararis,
653 3763 674 3796 r.
700 3746 785 3795 vertice
796 3745 883 3807 ostiu,
895 3740 924 3806 β.
951 3740 1264 3804 acommoda.

142 3814 233 3874 perviis
243 3815 285 3865 val
296 3814 380 3877 vomu,
391 3816 495 3896 liarbar.
514 3855 547 3865 ..
566 3815 683 3888 tigrinum,
696 3815 758 3866 adr.
777 3812 886 3878 &prinae
897 3808 927 3874 β.
945 3852 977 3863 ..
996 3808 1155 3876 appellamur,
1168 3801 1217 3868 ‹1st.
1230 3844 1264 3855 -

146 3895 170 3927 m
325 3920 331 3933 .
431 3919 437 3932 .

172 3883 458 4012 tqrtamquqqmiipqm*
477 3949 556 4014 crespi,
568 3952 612 4001 ad.
630 3989 663 3999 -
681 3947 774 4013 cmc,
786 3952 810 4000 (1.
828 3989 860 3999 ...
888 3944 969 4008 voluti,
980 3947 1013 3997 K.
1032 3984 1064 3996 ..
1086 3961 1111 4007 a,
1124 3941 1204 3993 omitt
1218 3941 1263 3990 ad.

148 4015 320 4130 -ymut'jfuss
331 4017 541 4097 resulycmdr.
567 4018 616 4096 quas
626 4016 745 4146 sstem
753 4017 831 4097 oenc,
842 4012 894 4080 βγ.
921 4021 1027 4132 iareqt,
1036 4015 1084 4091 ad.
1111 4010 1263 4130 οἰῖὃᾱΤἙ..

146 4087 233 4198 tlt
242 4086 400 4202 tid-..i
410 4083 644 4217 ,timis
653 4121 728 4215 a:
737 4086 967 4216 mitti...
979 4087 1264 4207 affidari?

144 4213 219 4279 plara
229 4231 319 4280 quoque
330 4218 412 4272 uuna
423 4235 503 4270 mansa
514 4217 581 4280 citro,
592 4168 624 4282 d)
640 4218 710 4268 etrum
723 4220 793 4272 totius
803 4215 909 4270 madiaci
919 4216 994 4268 iuvat.
1006 4214 1086 4267 Plura
1095 4229 1194 4278 quoquc,
1204 4229 1225 4264 r.
