2896 4800
189 248 252 313 too
542 265 747 313 urrunsms
768 264 964 313 moronus

190 417 291 483 multa
322 416 364 482 ab
395 414 536 500 antiquis
570 417 711 502 prodita3
742 426 832 482 tanto
862 416 1042 503 priscorum
1072 438 1149 482 cura
1175 414 1316 484 fertilior

190 528 247 584 aut
277 517 435 582 industria
462 517 587 583 felicior
613 518 689 598 luit,
718 528 792 585 ante
818 517 907 584 milia
934 539 1090 582 annorum
1114 517 1199 583 inter
1221 519 1315 605 prin-

190 619 275 705 cipia
304 618 483 685 litterarum
510 617 654 686 Hesiodo
684 629 859 706 praecepta
890 618 1040 708 agricolis
1071 619 1212 706 pandere
1239 643 1316 688 orso

191 718 436 805 subsecutisque
456 741 522 785 non
543 721 655 806 paucis
675 720 759 787 hanc
780 743 890 787 curam
911 721 992 800 eius,
1018 720 1105 786 unde
1126 721 1219 787 nobis
1241 743 1316 788 cre-

189 822 237 891 vit
255 823 355 903 labor,
378 823 499 908 quippe
522 845 596 888 cum
616 822 810 908 requirenda
831 822 896 888 sint
916 845 981 887 non
1003 822 1105 888 solum
1125 833 1241 910 postea
1261 823 1316 890 in·

189 935 287 992 venta
307 947 420 991 verum
442 925 539 990 etiam
560 946 600 990 ea
622 947 705 1010 quac
725 925 912 991 invenerant
932 924 1042 1010 prisci,
1065 923 1191 990 desidia
1203 946 1316 991 rerum

188 1027 406 1094 internecione
427 1026 598 1093 memoriae
619 1026 750 1093 indicta.
775 1023 879 1094 Cuius
899 1025 1002 1091 somni
1017 1047 1131 1092 causas
1145 1028 1218 1112 quis
1232 1027 1345 1095 aliast

189 1152 286 1216 quam
308 1128 454 1214 publicas
474 1128 587 1193 mundi
608 1128 786 1195 invenerit?
823 1127 984 1194 Nimirum
1005 1127 1060 1192 alii
1082 1127 1209 1196 subiere
1229 1129 1316 1198 ritus

190 1232 340 1317 circaque
361 1229 425 1297 alia
437 1240 562 1296 mentes
575 1228 741 1297 hominum
756 1228 942 1296 detinentur
963 1239 995 1295 et
1016 1229 1168 1297 avaritiae
1187 1241 1317 1298 tantum

189 1345 277 1401 artes
305 1334 461 1401 coluntur.
497 1331 605 1397 Antea
630 1331 763 1399 inclusis
789 1332 936 1421 gentium
959 1330 1094 1420 inperiis
1119 1333 1204 1398 intra
1222 1332 1316 1421 ipsas

189 1435 326 1521 ideoque
349 1445 381 1500 et
401 1431 541 1522 ingeniis
563 1432 703 1517 quadam
725 1430 890 1499 sterilitate
918 1432 1066 1499 fortunae
1087 1455 1221 1500 necesse
1243 1444 1318 1500 erat

190 1537 290 1602 animi
309 1535 395 1600 bona
416 1555 564 1607 exercere
586 1556 744 1622 regesque
765 1534 925 1599 innumeri
945 1533 1065 1602 honore
1087 1535 1205 1600 artium
1226 1534 1315 1602 cole-

190 1640 309 1706 bantur
331 1636 418 1704 etin
438 1635 652 1703 ostentatione
672 1635 731 1701 has
752 1634 979 1724 praeferebant
999 1658 1109 1722 opum,
1136 1636 1316 1704 inmortali-

192 1748 292 1806 tatem
313 1736 376 1804 sibi
397 1736 547 1825 perillus
568 1737 736 1827 prorogari
757 1737 962 1816 arbitrantes,
984 1760 1084 1824 quare
1105 1737 1316 1807 abundabant

191 1851 225 1907 et
245 1841 388 1929 praemia
409 1850 443 1907 et
463 1860 580 1927 operae
600 1840 698 1906 vitae.
719 1839 863 1906 Posteris
883 1839 998 1906 laxitas
1018 1841 1131 1906 mundi
1152 1851 1186 1908 et
1204 1860 1346 1908 remma

190 1943 367 2030 amplitudo
390 1943 506 2008 damno
527 1941 598 2008 fuit
619 1941 797 2028 Postquam
819 1953 946 2010 senator
967 1964 1066 2008 censu
1086 1943 1152 2030 legi
1166 1955 1313 2031 coeptus,

189 2045 290 2112 iudex
309 2045 380 2111 lieri
402 2067 512 2125 censu,
538 2043 763 2131 magistratum
789 2045 967 2130 ducemque
991 2043 1072 2110 nihil
1091 2045 1195 2132 magis
1217 2067 1314 2112 exor-

187 2157 269 2214 nare
290 2169 388 2232 quam
410 2169 538 2226 census,
567 2155 740 2233 postquam
766 2168 901 2234 coepere
927 2145 1048 2212 orbitas
1069 2145 1104 2211 in
1125 2147 1315 2214 auctoritate

191 2272 316 2316 summa
337 2261 368 2316 et
389 2250 533 2336 potentia
555 2271 636 2326 esse,
665 2249 806 2336 captatio
831 2249 866 2314 in
893 2259 1032 2333 quaestu
1056 2247 1251 2314 fertilissimo
1275 2272 1315 2316 ac

168 2352 260 2420 'sola
279 2350 401 2443 gaudia
420 2351 456 2416 in
476 2349 682 2438 possidendo,
710 2372 842 2437 pessum
862 2350 930 2417 iere
951 2349 1039 2416 vitae
1059 2349 1165 2438 pretia
1184 2371 1313 2416 omnes·

190 2475 255 2540 que
276 2477 297 2520 a
316 2475 467 2520 maxumo
488 2453 572 2520 bono
592 2452 744 2519 liberales
766 2453 872 2520 dictae
886 2462 972 2518 artes
992 2452 1028 2517 in
1049 2452 1243 2519 contrarium
1257 2473 1313 2518 ce·

191 2555 308 2622 cidere
329 2576 367 2620 ac
393 2555 550 2621 servitute
582 2554 650 2620 sola
681 2554 796 2642 profici
822 2564 980 2642 coeptum.
1016 2553 1114 2642 Hanc
1140 2552 1346 2620 aliosalios

191 2656 287 2721 modo
309 2666 342 2721 et
362 2656 397 2719 in
418 2656 490 2721 aliis
511 2656 657 2734 adorare,
685 2656 800 2721 eodem
821 2666 928 2723 tamen
948 2655 1154 2741 habendique
1174 2655 1216 2721 ad
1238 2676 1314 2742 spes

191 2756 333 2824 omnium
360 2756 511 2824 tendente
539 2767 633 2836 vot03
669 2757 795 2844 passim
820 2779 897 2824 vero
926 2759 1023 2824 etiam
1055 2758 1179 2847 egregii
1208 2755 1315 2820 ahena

189 2857 271 2925 vitia
292 2879 389 2944 quam
408 2859 495 2925 bona
516 2882 574 2926 sua
595 2859 699 2926 colere
717 2861 823 2927 malle.
845 2857 949 2950 Ergo,
970 2859 1142 2940 Hercules,
1164 2858 1314 2943 voluptas

190 2959 300 3028 vivere
326 2961 442 3051 coepit,
470 2961 539 3028 vita
563 2961 636 3052 ipsa
662 2960 768 3028 desiit
804 2959 873 3028 Sed
899 2984 960 3028 nos
981 2961 1165 3029 oblitterata
1185 2970 1344 3045 qnoque?

192 3062 407 3129 scrutabimur
427 3085 488 3130 noc
509 3062 685 3131 deterrebit
696 3058 898 3151 quarundam
911 3086 1021 3130 rerum
1033 3063 1206 3141 humilitas,
1229 3060 1315 3126 sicut

192 3252 270 3302 quam
281 3239 426 3302 negativam
436 3240 588 3290 sententiam
598 3240 709 3304 flagitem
720 3239 781 3288 hinc
791 3239 905 3290 Plinium
916 3239 1046 3303 scripsisse
1056 3245 1131 3303 putot
1144 3231 1315 3295 AtHercules,

192 3321 253 3354 nanc
268 3306 416 3371 reperiuntur
436 3306 480 3371 qai
498 3307 607 3375 iquorem
626 3305 702 3355 maha
716 3307 747 3355 ab
763 3305 868 3370 antiquis
879 3303 987 3370 prodita,
1008 3307 1099 3370 quibus
1114 3304 1165 3357 iam
1180 3300 1315 3364 sequentia

192 3372 290 3437 optime
302 3374 446 3427 concinunt.
467 3375 583 3437 Vulgata
594 3375 616 3424 ai
627 3375 771 3435 retineatur,
783 3383 849 3423 certe
861 3371 937 3422 multa
948 3374 1090 3425 delendum.
1111 3410 1144 3421 ..
1167 3374 1265 3428 matum,
1275 3367 1312 3420 K.

193 3479 227 3489 ..
248 3439 370 3503 apricolt's,
383 3435 473 3490 Oacd.
495 3437 663 3505 cyrenaei.
686 3481 720 3491 ..
741 3440 901 3503 intonicrbae,
912 3442 945 3492 Τ.
967 3481 1000 3492 ...
1024 3437 1122 3500 adea,
1136 3428 1253 3486 OTacd.
1274 3434 1313 3482 in-

193 3503 273 3568 ducta,
284 3508 389 3557 Barbar.
400 3502 450 3572 βγ.
473 3506 584 3557 [adicere
598 3509 625 3558 h.
640 3510 658 3558 1.
674 3509 742 3559 idem
759 3510 830 3572 qnod
846 3506 920 3557 edicto
936 3508 1061 3573 imponere.
1077 3506 1133 3561 Isiu.
1146 3509 1170 3567 l,
1183 3509 1223 3554 60.
1249 3501 1315 3552 Tar-

193 3574 273 3640 quinio
289 3573 396 3624 exsilium
412 3573 532 3627 indictam.
556 3576 625 3627 Suet.
637 3576 719 3640 Calig.
732 3582 772 3628 26.
798 3574 910 3642 Catiyuta
921 3574 1108 3627 devehebant&
1120 3569 1210 3638 populo
1218 3570 1315 3636 famen

192 3641 288 3694 indixit.
308 3643 428 3696 Ceterum
439 3647 471 3695 de
483 3645 602 3710 synchysi
613 3646 748 3698 verborum
758 3661 782 3694 v.
795 3646 828 3695 ad
840 3652 864 3704 t,
878 3651 934 3697 no.

227 3710 280 3773 §4-
296 3710 379 3774 somni,
391 3714 464 3763 codd.
476 3713 590 3765 Barbari.
607 3713 754 3776 suaniae.
771 3712 897 3774 aititTd.
914 3753 947 3764 ..
971 3710 1027 3762 atta
1036 3709 1123 3772 εαὸἰνε,
1134 3713 1160 3762 d.
1178 3747 1211 3760 ...
1233 3704 1314 3756 video·

192 3783 323 3843 maed.
341 3821 373 3830 ..
395 3779 559 3844 inperitiae.
577 3821 610 3832 ..
632 3777 971 3845 repaque‚acd(Murbac.)
994 3795 1069 3845 raet,
1081 3796 1101 3830 r.
1123 3818 1156 3828 ..
1178 3773 1314 3835 ostensione,

194 3862 216 3897 c.
233 3889 265 3896 ..
284 3865 358 3912 opem,
370 3849 462 3898 Tacd.
480 3865 545 3913 opem
557 3857 586 3911 et,
598 3866 618 3900 r.
636 3865 698 3912 opes,
708 3850 742 3901 K.
761 3890 794 3899 ..
807 3848 994 3913 praeoptarit.
1012 3887 1045 3897 ...
1064 3861 1145 3911 opera,
1156 3845 1246 3897 Daloc.

228 3917 279 3978 55.
297 3914 363 3977 nihil,
376 3932 397 3966 c.
420 3914 463 3977 nit,
475 3913 546 3979 adss.
564 3958 597 3967 ..
619 3933 670 3981 que,
683 3933 705 3968 c.
723 3957 755 3968 ..
774 3916 901 3981 potentiae,
914 3918 938 3966 d.
961 3956 993 3965 ..
1012 3914 1102 3979 profici
1111 3920 1224 3977 mephat,
1238 3910 1314 3959 codd·

192 3982 306 4099 {ud-ide
323 3999 378 4034 asse
394 4000 419 4048 p.
436 3991 494 4037 244.
515 3984 605 4050 profici
619 3993 726 4051 coeptae,
742 4002 782 4041 ar.
804 3983 894 4050 profici
908 3991 1027 4049 coeptam,
1042 3985 1086 4034 cd.
1107 3980 1197 4046 perfici
1211 3985 1315 4042 coaptat,

220 4064 272 4097 ar.
302 4086 309 4099 .
831 4090 836 4099 .

227 4117 242 4178 §
255 4064 517 4171 offlano-adorare
528 4121 610 4172 omitt.
622 4122 696 4173 codd.
707 4121 774 4172 Bud.
787 4162 819 4172 ..
836 4119 983 4184 habendique
993 4116 1029 4168 ad
1035 4134 1096 4182 spat,
1108 4111 1220 4171 θΤΒθᾶ
1231 4111 1315 4178 (Mur-

192 4179 263 4263 bac.)
280 4181 382 4234 tetendi
392 4196 491 4250 quaestu
501 4186 537 4239 ad
545 4203 606 4252 spei.
614 4205 635 4240 r.
653 4187 757 4241 latendi
765 4205 811 4255 quo
822 4198 862 4242 eat
872 4205 933 4256 opes,
944 4189 1017 4242 codd.
1026 4187 1092 4242 Bud.
1100 4181 1131 4251 β.
1148 4186 1209 4239 Alia
1217 4189 1316 4238 tentant

193 4252 261 4309 Pmt.
273 4251 399 4306 stuata.
416 4294 448 4308 ..
466 4254 578 4320 Hermio,
588 4252 618 4320 β.
1228 4276 1229 4281 “
