<?xml version="1.0" encoding="UTF-8"?>
<!DOCTYPE html PUBLIC "-//W3C//DTD XHTML 1.0 Transitional//EN"
    "http://www.w3.org/TR/xhtml1/DTD/xhtml1-transitional.dtd">
<html xmlns="http://www.w3.org/1999/xhtml" xml:lang="en" lang="en">
 <head>
  <title>
</title>
<meta http-equiv="Content-Type" content="text/html;charset=utf-8" />
  <meta name='ocr-system' content='tesseract 3.04.00' />
  <meta name='ocr-capabilities' content='ocr_page ocr_carea ocr_par ocr_line ocrx_word'/>
</head>
<body>
  <div class='ocr_page' id='page_1' title='image "./cplinisecundina09plingoog_0130.png"; bbox 0 0 2896 4800; ppageno 0'>
   <div class='ocr_carea' id='block_1_1' title="bbox 367 279 1265 345">
    <p class='ocr_par' dir='ltr' id='par_1_1' title="bbox 367 279 1265 345">
     <span class='ocr_line' id='line_1_1' title="bbox 367 279 1265 345; baseline 0.007 -7"><span class='ocrx_word' id='word_1_1' title='bbox 367 290 438 340; x_wconf 83' lang='lat' dir='ltr'>ms.</span> <span class='ocrx_word' id='word_1_2' title='bbox 455 288 531 339; x_wconf 87' lang='lat' dir='ltr'>vm.</span> <span class='ocrx_word' id='word_1_3' title='bbox 560 288 639 337; x_wconf 80' lang='lat' dir='ltr'>oar.</span> <span class='ocrx_word' id='word_1_4' title='bbox 655 288 714 336; x_wconf 85' lang='lat' dir='ltr'>xn.</span> <span class='ocrx_word' id='word_1_5' title='bbox 728 288 802 338; x_wconf 83' lang='lat' dir='ltr'>xm.</span> <span class='ocrx_word' id='word_1_6' title='bbox 831 286 928 340; x_wconf 84' lang='lat' dir='ltr'>sncr.</span> <span class='ocrx_word' id='word_1_7' title='bbox 944 293 1034 340; x_wconf 64' lang='lat' dir='ltr'>u-eu</span> <span class='ocrx_word' id='word_1_8' title='bbox 1204 279 1265 345; x_wconf 84' lang='lat'>115</span> 
     </span>
    </p>
   </div>
   <div class='ocr_carea' id='block_1_2' title="bbox 136 440 1325 835">
    <p class='ocr_par' dir='ltr' id='par_1_2' title="bbox 136 440 1264 612">
     <span class='ocr_line' id='line_1_2' title="bbox 145 440 1264 529; baseline 0.004 -19"><span class='ocrx_word' id='word_1_9' title='bbox 145 445 247 511; x_wconf 91' lang='lat' dir='ltr'>donec</span> <span class='ocrx_word' id='word_1_10' title='bbox 268 440 405 509; x_wconf 89' lang='lat' dir='ltr'>adsidua</span> <span class='ocrx_word' id='word_1_11' title='bbox 425 451 562 509; x_wconf 82' lang='lat' dir='ltr'>rotatum</span> <span class='ocrx_word' id='word_1_12' title='bbox 588 440 747 529; x_wconf 80' lang='lat' dir='ltr'>vertigine</span> <span class='ocrx_word' id='word_1_13' title='bbox 769 440 896 507; x_wconf 86' lang='lat' dir='ltr'>addixit</span> <span class='ocrx_word' id='word_1_14' title='bbox 916 443 958 508; x_wconf 89' lang='lat' dir='ltr'>ad</span> <span class='ocrx_word' id='word_1_15' title='bbox 979 465 1090 510; x_wconf 87' lang='lat' dir='ltr'>casum</span> <span class='ocrx_word' id='word_1_16' title='bbox 1112 445 1182 513; x_wconf 90' lang='lat' dir='ltr'>eius</span> <span class='ocrx_word' id='word_1_17' title='bbox 1204 449 1264 515; x_wconf 93' lang='lat' dir='ltr'>tel-</span> 
     </span>
     <span class='ocr_line' id='line_1_3' title="bbox 136 541 400 612; baseline 0 -2"><span class='ocrx_word' id='word_1_18' title='bbox 136 541 213 612; x_wconf 90' lang='lat' dir='ltr'>lure</span> <span class='ocrx_word' id='word_1_19' title='bbox 233 566 400 612; x_wconf 89' lang='lat' dir='ltr'>concussa.</span> 
     </span>
    </p>

    <p class='ocr_par' dir='ltr' id='par_1_3' title="bbox 144 644 1325 835">
     <span class='ocr_line' id='line_1_4' title="bbox 186 644 1325 734; baseline 0.001 -22"><span class='ocrx_word' id='word_1_20' title='bbox 186 648 237 712; x_wconf 74' lang='lat' dir='ltr'>ot.</span> <span class='ocrx_word' id='word_1_21' title='bbox 268 644 396 713; x_wconf 82' lang='lat' dir='ltr'>Ocnum</span> <span class='ocrx_word' id='word_1_22' title='bbox 422 645 534 734; x_wconf 81' lang='lat' dir='ltr'>generi</span> <span class='ocrx_word' id='word_1_23' title='bbox 561 644 612 711; x_wconf 86' lang='lat' dir='ltr'>bis</span> <span class='ocrx_word' id='word_1_24' title='bbox 633 667 718 711; x_wconf 86' lang='lat' dir='ltr'>anno</span> <span class='ocrx_word' id='word_1_25' title='bbox 739 654 870 730; x_wconf 90' lang='lat' dir='ltr'>partus;</span> <span class='ocrx_word' id='word_1_26' title='bbox 906 644 992 708; x_wconf 86' lang='lat' dir='ltr'>iustu</span> <span class='ocrx_word' id='word_1_27' title='bbox 1012 644 1054 709; x_wconf 87' lang='lat' dir='ltr'>ad</span> <span class='ocrx_word' id='word_1_28' title='bbox 1075 649 1265 733; x_wconf 88' lang='lat' dir='ltr'>pariendum</span> <span class='ocrx_word' id='word_1_29' title='bbox 1279 668 1325 715; x_wconf 79' lang='lat' dir='ltr'>ror</span> 
     </span>
     <span class='ocr_line' id='line_1_5' title="bbox 144 742 1265 835; baseline 0 -20"><span class='ocrx_word' id='word_1_30' title='bbox 144 772 250 815; x_wconf 88' lang='lat' dir='ltr'>annua</span> <span class='ocrx_word' id='word_1_31' title='bbox 271 758 368 815; x_wconf 87' lang='lat' dir='ltr'>aetas.</span> <span class='ocrx_word' id='word_1_32' title='bbox 391 745 520 813; x_wconf 73' lang='lat' dir='ltr'>(ierunt</span> <span class='ocrx_word' id='word_1_33' title='bbox 540 756 670 813; x_wconf 88' lang='lat' dir='ltr'>uterum</span> <span class='ocrx_word' id='word_1_34' title='bbox 692 746 865 835; x_wconf 80' lang='lat' dir='ltr'>sexagenis</span> <span class='ocrx_word' id='word_1_35' title='bbox 879 742 1014 824; x_wconf 86' lang='lat' dir='ltr'>diebus3</span> <span class='ocrx_word' id='word_1_36' title='bbox 1037 747 1178 833; x_wconf 86' lang='lat' dir='ltr'>gignunt</span> <span class='ocrx_word' id='word_1_37' title='bbox 1191 773 1265 819; x_wconf 85' lang='lat' dir='ltr'>oae-</span> 
     </span>
    </p>
   </div>
   <div class='ocr_carea' id='block_1_3' title="bbox 140 847 1327 2854">
    <p class='ocr_par' dir='ltr' id='par_1_4' title="bbox 141 847 1293 1624">
     <span class='ocr_line' id='line_1_6' title="bbox 144 847 1265 937; baseline 0.001 -20"><span class='ocrx_word' id='word_1_38' title='bbox 144 873 200 917; x_wconf 89' lang='lat' dir='ltr'>cos</span> <span class='ocrx_word' id='word_1_39' title='bbox 229 861 262 917; x_wconf 90' lang='lat' dir='ltr'>et</span> <span class='ocrx_word' id='word_1_40' title='bbox 284 871 349 934; x_wconf 92' lang='lat' dir='ltr'>quo</span> <span class='ocrx_word' id='word_1_41' title='bbox 369 848 507 937; x_wconf 87' lang='lat' dir='ltr'>largiore</span> <span class='ocrx_word' id='word_1_42' title='bbox 534 849 662 913; x_wconf 89' lang='lat' dir='ltr'>aluntur</span> <span class='ocrx_word' id='word_1_43' title='bbox 682 849 777 926; x_wconf 84' lang='lat' dir='ltr'>lecte,</span> <span class='ocrx_word' id='word_1_44' title='bbox 800 869 838 913; x_wconf 92' lang='lat' dir='ltr'>eo</span> <span class='ocrx_word' id='word_1_45' title='bbox 860 847 1031 913; x_wconf 86' lang='lat' dir='ltr'><strong>tardiorem</strong></span> <span class='ocrx_word' id='word_1_46' title='bbox 1052 848 1158 915; x_wconf 88' lang='lat' dir='ltr'>visum</span> <span class='ocrx_word' id='word_1_47' title='bbox 1179 854 1265 918; x_wconf 91' lang='lat' dir='ltr'>acci·</span> 
     </span>
     <span class='ocr_line' id='line_1_7' title="bbox 142 947 1267 1038; baseline 0.001 -20"><span class='ocrx_word' id='word_1_48' title='bbox 142 954 256 1038; x_wconf 91' lang='lat' dir='ltr'>piunt,</span> <span class='ocrx_word' id='word_1_49' title='bbox 285 972 350 1017; x_wconf 92' lang='lat' dir='ltr'>nou</span> <span class='ocrx_word' id='word_1_50' title='bbox 376 959 484 1014; x_wconf 91' lang='lat' dir='ltr'>tamen</span> <span class='ocrx_word' id='word_1_51' title='bbox 509 971 664 1034; x_wconf 84' lang='lat' dir='ltr'>umquem</span> <span class='ocrx_word' id='word_1_52' title='bbox 689 949 776 1013; x_wconf 88' lang='lat' dir='ltr'>ultra</span> <span class='ocrx_word' id='word_1_53' title='bbox 800 947 989 1013; x_wconf 84' lang='lat' dir='ltr'>vicesimum</span> <span class='ocrx_word' id='word_1_54' title='bbox 1014 948 1154 1036; x_wconf 90' lang='lat' dir='ltr'>primum</span> <span class='ocrx_word' id='word_1_55' title='bbox 1179 952 1267 1019; x_wconf 92' lang='lat' dir='ltr'>diem</span> 
     </span>
     <span class='ocr_line' id='line_1_8' title="bbox 142 1047 1266 1138; baseline 0.002 -20"><span class='ocrx_word' id='word_1_56' title='bbox 142 1075 204 1118; x_wconf 92' lang='lat' dir='ltr'>neo</span> <span class='ocrx_word' id='word_1_57' title='bbox 225 1061 299 1117; x_wconf 86' lang='lat' dir='ltr'>ante</span> <span class='ocrx_word' id='word_1_58' title='bbox 321 1060 514 1136; x_wconf 79' lang='lat' dir='ltr'><strong>septumum.</strong></span> <span class='ocrx_word' id='word_1_59' title='bbox 538 1047 680 1130; x_wconf 80' lang='lat' dir='ltr'><strong>Quidam</strong></span> <span class='ocrx_word' id='word_1_60' title='bbox 701 1048 843 1128; x_wconf 87' lang='lat' dir='ltr'>tradunt,</span> <span class='ocrx_word' id='word_1_61' title='bbox 866 1048 894 1115; x_wconf 89' lang='lat' dir='ltr'>si</span> <span class='ocrx_word' id='word_1_62' title='bbox 913 1072 999 1115; x_wconf 87' lang='lat' dir='ltr'>unus</span> <span class='ocrx_word' id='word_1_63' title='bbox 1013 1051 1168 1138; x_wconf 81' lang='lat' dir='ltr'>gignatur</span> <span class='ocrx_word' id='word_1_64' title='bbox 1181 1075 1266 1121; x_wconf 90' lang='lat' dir='ltr'>nouo</span> 
     </span>
     <span class='ocr_line' id='line_1_9' title="bbox 143 1149 1266 1241; baseline 0.002 -20"><span class='ocrx_word' id='word_1_65' title='bbox 143 1155 196 1221; x_wconf 92' lang='lat' dir='ltr'>die</span> <span class='ocrx_word' id='word_1_66' title='bbox 224 1173 366 1231; x_wconf 88' lang='lat' dir='ltr'>cernere,</span> <span class='ocrx_word' id='word_1_67' title='bbox 395 1151 423 1217; x_wconf 92' lang='lat' dir='ltr'>si</span> <span class='ocrx_word' id='word_1_68' title='bbox 451 1150 573 1240; x_wconf 86' lang='lat' dir='ltr'>gemini</span> <span class='ocrx_word' id='word_1_69' title='bbox 600 1151 745 1230; x_wconf 91' lang='lat' dir='ltr'>decumo,</span> <span class='ocrx_word' id='word_1_70' title='bbox 775 1149 926 1235; x_wconf 88' lang='lat' dir='ltr'>idemque</span> <span class='ocrx_word' id='word_1_71' title='bbox 952 1152 987 1216; x_wconf 94' lang='lat' dir='ltr'>in</span> <span class='ocrx_word' id='word_1_72' title='bbox 1017 1152 1161 1241; x_wconf 86' lang='lat' dir='ltr'>singulos</span> <span class='ocrx_word' id='word_1_73' title='bbox 1183 1155 1266 1223; x_wconf 84' lang='lat' dir='ltr'>adici</span> 
     </span>
     <span class='ocr_line' id='line_1_10' title="bbox 144 1252 1267 1341; baseline 0.004 -22"><span class='ocrx_word' id='word_1_74' title='bbox 144 1254 341 1339; x_wconf 89' lang='lat' dir='ltr'>totidemque</span> <span class='ocrx_word' id='word_1_75' title='bbox 364 1274 435 1320; x_wconf 88' lang='lat' dir='ltr'>esse</span> <span class='ocrx_word' id='word_1_76' title='bbox 457 1252 615 1318; x_wconf 74' lang='lat' dir='ltr'>tarditatis</span> <span class='ocrx_word' id='word_1_77' title='bbox 636 1252 680 1316; x_wconf 91' lang='lat' dir='ltr'>ad</span> <span class='ocrx_word' id='word_1_78' title='bbox 699 1253 805 1318; x_wconf 89' lang='lat' dir='ltr'>lucem</span> <span class='ocrx_word' id='word_1_79' title='bbox 833 1252 911 1330; x_wconf 88' lang='lat' dir='ltr'>dies,</span> <span class='ocrx_word' id='word_1_80' title='bbox 941 1263 973 1319; x_wconf 89' lang='lat' dir='ltr'>et</span> <span class='ocrx_word' id='word_1_81' title='bbox 995 1252 1037 1319; x_wconf 90' lang='lat' dir='ltr'>ab</span> <span class='ocrx_word' id='word_1_82' title='bbox 1059 1276 1202 1341; x_wconf 89' lang='lat' dir='ltr'>eaquae</span> <span class='ocrx_word' id='word_1_83' title='bbox 1223 1258 1267 1323; x_wconf 89' lang='lat' dir='ltr'>sit</span> 
     </span>
     <span class='ocr_line' id='line_1_11' title="bbox 143 1351 1266 1442; baseline 0.003 -22"><span class='ocrx_word' id='word_1_84' title='bbox 143 1355 264 1422; x_wconf 86' lang='lat' dir='ltr'>femina</span> <span class='ocrx_word' id='word_1_85' title='bbox 286 1378 328 1421; x_wconf 94' lang='lat' dir='ltr'>ex</span> <span class='ocrx_word' id='word_1_86' title='bbox 347 1355 522 1442; x_wconf 77' lang='lat' dir='ltr'>primipara</span> <span class='ocrx_word' id='word_1_87' title='bbox 542 1353 650 1441; x_wconf 86' lang='lat' dir='ltr'>genita</span> <span class='ocrx_word' id='word_1_88' title='bbox 671 1352 804 1420; x_wconf 80' lang='lat' dir='ltr'>Faunos</span> <span class='ocrx_word' id='word_1_89' title='bbox 831 1353 929 1420; x_wconf 90' lang='lat' dir='ltr'>cerni.</span> <span class='ocrx_word' id='word_1_90' title='bbox 951 1351 1117 1441; x_wconf 90' lang='lat' dir='ltr'>Optumus</span> <span class='ocrx_word' id='word_1_91' title='bbox 1138 1356 1173 1421; x_wconf 92' lang='lat' dir='ltr'>in</span> <span class='ocrx_word' id='word_1_92' title='bbox 1195 1357 1266 1423; x_wconf 84' lang='lat' dir='ltr'>ietu</span> 
     </span>
     <span class='ocr_line' id='line_1_12' title="bbox 143 1454 1293 1542; baseline 0.004 -21"><span class='ocrx_word' id='word_1_93' title='bbox 143 1457 200 1540; x_wconf 93' lang='lat' dir='ltr'>qui</span> <span class='ocrx_word' id='word_1_94' title='bbox 220 1454 413 1542; x_wconf 86' lang='lat' dir='ltr'>novissimus</span> <span class='ocrx_word' id='word_1_95' title='bbox 435 1477 566 1521; x_wconf 91' lang='lat' dir='ltr'>cernere</span> <span class='ocrx_word' id='word_1_96' title='bbox 586 1454 702 1540; x_wconf 89' lang='lat' dir='ltr'>incipit</span> <span class='ocrx_word' id='word_1_97' title='bbox 722 1464 780 1520; x_wconf 88' lang='lat' dir='ltr'>aut</span> <span class='ocrx_word' id='word_1_98' title='bbox 801 1476 897 1538; x_wconf 91' lang='lat' dir='ltr'>quem</span> <span class='ocrx_word' id='word_1_99' title='bbox 910 1454 1051 1539; x_wconf 89' lang='lat' dir='ltr'>primum</span> <span class='ocrx_word' id='word_1_100' title='bbox 1065 1456 1131 1522; x_wconf 85' lang='lat' dir='ltr'>fert</span> <span class='ocrx_word' id='word_1_101' title='bbox 1151 1457 1185 1522; x_wconf 92' lang='lat' dir='ltr'>in</span> <span class='ocrx_word' id='word_1_102' title='bbox 1207 1480 1264 1524; x_wconf 93' lang='lat' dir='ltr'>cu·</span> <span class='ocrx_word' id='word_1_103' title='bbox 1289 1521 1293 1526; x_wconf 88' lang='lat'><strong>.</strong></span> 
     </span>
     <span class='ocr_line' id='line_1_13' title="bbox 141 1558 301 1624; baseline -0.006 -1"><span class='ocrx_word' id='word_1_104' title='bbox 141 1558 205 1624; x_wconf 91' lang='lat' dir='ltr'>bile</span> <span class='ocrx_word' id='word_1_105' title='bbox 225 1559 301 1624; x_wconf 85' lang='lat' dir='ltr'>ieta.</span> 
     </span>
    </p>

    <p class='ocr_par' dir='ltr' id='par_1_5' title="bbox 141 1653 1327 2046">
     <span class='ocr_line' id='line_1_14' title="bbox 184 1653 1327 1743; baseline 0 -19"><span class='ocrx_word' id='word_1_106' title='bbox 184 1660 235 1724; x_wconf 81' lang='lat'>63.</span> <span class='ocrx_word' id='word_1_107' title='bbox 268 1657 389 1725; x_wconf 84' lang='lat' dir='ltr'>Rabies</span> <span class='ocrx_word' id='word_1_108' title='bbox 410 1680 525 1725; x_wconf 86' lang='lat' dir='ltr'>cunum</span> <span class='ocrx_word' id='word_1_109' title='bbox 548 1654 623 1722; x_wconf 89' lang='lat' dir='ltr'>sirio</span> <span class='ocrx_word' id='word_1_110' title='bbox 645 1655 777 1722; x_wconf 79' lang='lat' dir='ltr'>ardente</span> <span class='ocrx_word' id='word_1_111' title='bbox 791 1653 912 1721; x_wconf 90' lang='lat' dir='ltr'>homini</span> <span class='ocrx_word' id='word_1_112' title='bbox 933 1656 1100 1743; x_wconf 88' lang='lat' dir='ltr'>pestifera,</span> <span class='ocrx_word' id='word_1_113' title='bbox 1121 1669 1158 1724; x_wconf 91' lang='lat' dir='ltr'>ut</span> <span class='ocrx_word' id='word_1_114' title='bbox 1179 1658 1327 1725; x_wconf 79' lang='lat' dir='ltr'>dixi-152</span> 
     </span>
     <span class='ocr_line' id='line_1_15' title="bbox 141 1757 1266 1843; baseline -0.001 -16"><span class='ocrx_word' id='word_1_115' title='bbox 141 1784 225 1840; x_wconf 92' lang='lat' dir='ltr'>mus,</span> <span class='ocrx_word' id='word_1_116' title='bbox 254 1760 300 1825; x_wconf 86' lang='lat' dir='ltr'>ita</span> <span class='ocrx_word' id='word_1_117' title='bbox 320 1758 435 1825; x_wconf 88' lang='lat' dir='ltr'>morsis</span> <span class='ocrx_word' id='word_1_118' title='bbox 455 1757 544 1826; x_wconf 82' lang='lat' dir='ltr'>letali</span> <span class='ocrx_word' id='word_1_119' title='bbox 565 1780 669 1842; x_wconf 89' lang='lat' dir='ltr'>aquae</span> <span class='ocrx_word' id='word_1_120' title='bbox 690 1766 794 1834; x_wconf 81' lang='lat' dir='ltr'>metu3</span> <span class='ocrx_word' id='word_1_121' title='bbox 831 1768 1031 1843; x_wconf 88' lang='lat' dir='ltr'>quapropter</span> <span class='ocrx_word' id='word_1_122' title='bbox 1051 1759 1179 1826; x_wconf 80' lang='lat' dir='ltr'>obviam</span> <span class='ocrx_word' id='word_1_123' title='bbox 1198 1761 1266 1826; x_wconf 88' lang='lat' dir='ltr'>itur</span> 
     </span>
     <span class='ocr_line' id='line_1_16' title="bbox 141 1856 1265 1947; baseline 0.001 -21"><span class='ocrx_word' id='word_1_124' title='bbox 141 1883 202 1947; x_wconf 88' lang='lat' dir='ltr'>per</span> <span class='ocrx_word' id='word_1_125' title='bbox 221 1882 294 1926; x_wconf 85' lang='lat' dir='ltr'>xxx</span> <span class='ocrx_word' id='word_1_126' title='bbox 322 1882 378 1927; x_wconf 89' lang='lat' dir='ltr'>eos</span> <span class='ocrx_word' id='word_1_127' title='bbox 405 1861 474 1925; x_wconf 86' lang='lat' dir='ltr'>dies</span> <span class='ocrx_word' id='word_1_128' title='bbox 501 1859 678 1947; x_wconf 83' lang='lat' dir='ltr'>gallinaceo</span> <span class='ocrx_word' id='word_1_129' title='bbox 705 1878 855 1922; x_wconf 86' lang='lat' dir='ltr'>maxume</span> <span class='ocrx_word' id='word_1_130' title='bbox 881 1856 958 1922; x_wconf 86' lang='lat' dir='ltr'>fimo</span> <span class='ocrx_word' id='word_1_131' title='bbox 985 1859 1120 1926; x_wconf 84' lang='lat' dir='ltr'>inmixto</span> <span class='ocrx_word' id='word_1_132' title='bbox 1149 1883 1265 1927; x_wconf 90' lang='lat' dir='ltr'>canum</span> 
     </span>
     <span class='ocr_line' id='line_1_17' title="bbox 142 1941 1303 2046; baseline -0.007 -19"><span class='ocrx_word' id='word_1_133' title='bbox 142 1961 223 2027; x_wconf 81' lang='lat' dir='ltr'>cibis</span> <span class='ocrx_word' id='word_1_134' title='bbox 244 1971 300 2027; x_wconf 90' lang='lat' dir='ltr'>aut</span> <span class='ocrx_word' id='word_1_135' title='bbox 322 1962 350 2027; x_wconf 88' lang='lat' dir='ltr'>si</span> <span class='ocrx_word' id='word_1_136' title='bbox 370 1961 575 2046; x_wconf 85' lang='lat' dir='ltr'>praevenerit</span> <span class='ocrx_word' id='word_1_137' title='bbox 596 1960 726 2026; x_wconf 90' lang='lat' dir='ltr'>morbus</span> <span class='ocrx_word' id='word_1_138' title='bbox 748 1968 884 2024; x_wconf 90' lang='lat' dir='ltr'>veratro.</span> <span class='ocrx_word' id='word_1_139' title='bbox 1297 1941 1303 1968; x_wconf 62' lang='lat'><em>¹</em></span> 
     </span>
    </p>

    <p class='ocr_par' dir='ltr' id='par_1_6' title="bbox 140 2060 1326 2854">
     <span class='ocr_line' id='line_1_18' title="bbox 183 2060 1326 2146; baseline -0.003 -18"><span class='ocrx_word' id='word_1_140' title='bbox 183 2061 279 2128; x_wconf 88' lang='lat' dir='ltr'><strong>XLI.</strong></span> <span class='ocrx_word' id='word_1_141' title='bbox 312 2062 345 2127; x_wconf 89' lang='lat' dir='ltr'><strong>A</strong></span> <span class='ocrx_word' id='word_1_142' title='bbox 372 2084 482 2128; x_wconf 91' lang='lat' dir='ltr'>morsu</span> <span class='ocrx_word' id='word_1_143' title='bbox 508 2083 586 2126; x_wconf 91' lang='lat' dir='ltr'>vero</span> <span class='ocrx_word' id='word_1_144' title='bbox 611 2060 744 2126; x_wconf 90' lang='lat' dir='ltr'>unicum</span> <span class='ocrx_word' id='word_1_145' title='bbox 770 2060 949 2125; x_wconf 89' lang='lat' dir='ltr'>remedium</span> <span class='ocrx_word' id='word_1_146' title='bbox 975 2061 1103 2127; x_wconf 89' lang='lat' dir='ltr'>oraculo</span> <span class='ocrx_word' id='word_1_147' title='bbox 1124 2063 1264 2146; x_wconf 89' lang='lat' dir='ltr'>quodam</span> <span class='ocrx_word' id='word_1_148' title='bbox 1278 2079 1326 2125; x_wconf 81' lang='lat' dir='ltr'>rea</span> 
     </span>
     <span class='ocr_line' id='line_1_19' title="bbox 141 2160 1264 2254; baseline -0.001 -24"><span class='ocrx_word' id='word_1_149' title='bbox 141 2185 244 2250; x_wconf 90' lang='lat' dir='ltr'>nuper</span> <span class='ocrx_word' id='word_1_150' title='bbox 264 2171 428 2249; x_wconf 88' lang='lat' dir='ltr'>repertum</span> <span class='ocrx_word' id='word_1_151' title='bbox 448 2160 543 2254; x_wconf 84' lang='lat' dir='ltr'>radix</span> <span class='ocrx_word' id='word_1_152' title='bbox 565 2160 720 2226; x_wconf 89' lang='lat' dir='ltr'>silvestris</span> <span class='ocrx_word' id='word_1_153' title='bbox 741 2182 833 2225; x_wconf 89' lang='lat' dir='ltr'>rosae</span> <span class='ocrx_word' id='word_1_154' title='bbox 855 2180 939 2243; x_wconf 87' lang='lat' dir='ltr'>quae</span> <span class='ocrx_word' id='word_1_155' title='bbox 961 2160 1139 2243; x_wconf 87' lang='lat' dir='ltr'>cynorroda</span> <span class='ocrx_word' id='word_1_156' title='bbox 1152 2164 1264 2248; x_wconf 84' lang='lat' dir='ltr'>appel-</span> 
     </span>
     <span class='ocr_line' id='line_1_20' title="bbox 140 2259 1265 2348; baseline -0.003 -17"><span class='ocrx_word' id='word_1_157' title='bbox 140 2265 237 2331; x_wconf 88' lang='lat' dir='ltr'>latur.</span> <span class='ocrx_word' id='word_1_158' title='bbox 273 2260 452 2327; x_wconf 85' lang='lat' dir='ltr'>Columella</span> <span class='ocrx_word' id='word_1_159' title='bbox 473 2270 584 2326; x_wconf 87' lang='lat' dir='ltr'>auctor</span> <span class='ocrx_word' id='word_1_160' title='bbox 611 2270 669 2338; x_wconf 82' lang='lat' dir='ltr'>est,</span> <span class='ocrx_word' id='word_1_161' title='bbox 698 2260 725 2325; x_wconf 91' lang='lat' dir='ltr'>si</span> <span class='ocrx_word' id='word_1_162' title='bbox 752 2259 1001 2348; x_wconf 84' lang='lat' dir='ltr'>quadragesimo</span> <span class='ocrx_word' id='word_1_163' title='bbox 1029 2259 1082 2324; x_wconf 94' lang='lat' dir='ltr'>die</span> <span class='ocrx_word' id='word_1_164' title='bbox 1103 2282 1200 2344; x_wconf 89' lang='lat' dir='ltr'>quam</span> <span class='ocrx_word' id='word_1_165' title='bbox 1222 2264 1265 2328; x_wconf 89' lang='lat' dir='ltr'>sit</span> 
     </span>
     <span class='ocr_line' id='line_1_21' title="bbox 141 2360 1263 2446; baseline 0.004 -20"><span class='ocrx_word' id='word_1_166' title='bbox 141 2372 237 2427; x_wconf 85' lang='lat' dir='ltr'>natus</span> <span class='ocrx_word' id='word_1_167' title='bbox 266 2371 425 2427; x_wconf 86' lang='lat' dir='ltr'>castretur</span> <span class='ocrx_word' id='word_1_168' title='bbox 451 2382 561 2426; x_wconf 87' lang='lat' dir='ltr'>morsu</span> <span class='ocrx_word' id='word_1_169' title='bbox 582 2360 686 2426; x_wconf 87' lang='lat' dir='ltr'>cauda</span> <span class='ocrx_word' id='word_1_170' title='bbox 707 2382 915 2446; x_wconf 90' lang='lat' dir='ltr'>summusque</span> <span class='ocrx_word' id='word_1_171' title='bbox 937 2360 1006 2427; x_wconf 90' lang='lat' dir='ltr'>eius</span> <span class='ocrx_word' id='word_1_172' title='bbox 1027 2361 1182 2429; x_wconf 81' lang='lat' dir='ltr'>articulus</span> <span class='ocrx_word' id='word_1_173' title='bbox 1204 2386 1263 2430; x_wconf 90' lang='lat' dir='ltr'>au-</span> 
     </span>
     <span class='ocr_line' id='line_1_22' title="bbox 141 2461 1265 2548; baseline 0.005 -21"><span class='ocrx_word' id='word_1_174' title='bbox 141 2464 272 2541; x_wconf 80' lang='lat' dir='ltr'>feratur,</span> <span class='ocrx_word' id='word_1_175' title='bbox 294 2462 420 2546; x_wconf 86' lang='lat' dir='ltr'>insequi</span> <span class='ocrx_word' id='word_1_176' title='bbox 441 2483 591 2541; x_wconf 84' lang='lat' dir='ltr'>nervom;</span> <span class='ocrx_word' id='word_1_177' title='bbox 623 2473 774 2548; x_wconf 86' lang='lat' dir='ltr'>exempto</span> <span class='ocrx_word' id='word_1_178' title='bbox 796 2484 857 2529; x_wconf 89' lang='lat' dir='ltr'>nec</span> <span class='ocrx_word' id='word_1_179' title='bbox 879 2461 1015 2530; x_wconf 84' lang='lat' dir='ltr'>caudam</span> <span class='ocrx_word' id='word_1_180' title='bbox 1036 2485 1182 2532; x_wconf 90' lang='lat' dir='ltr'>crescere</span> <span class='ocrx_word' id='word_1_181' title='bbox 1203 2488 1265 2533; x_wconf 89' lang='lat' dir='ltr'>nee</span> 
     </span>
     <span class='ocr_line' id='line_1_23' title="bbox 142 2562 1263 2654; baseline 0.003 -24"><span class='ocrx_word' id='word_1_182' title='bbox 142 2587 239 2630; x_wconf 88' lang='lat' dir='ltr'>canes</span> <span class='ocrx_word' id='word_1_183' title='bbox 259 2564 391 2630; x_wconf 89' lang='lat' dir='ltr'>rabidos</span> <span class='ocrx_word' id='word_1_184' title='bbox 404 2564 484 2630; x_wconf 90' lang='lat' dir='ltr'>fieri.</span> <span class='ocrx_word' id='word_1_185' title='bbox 509 2562 633 2630; x_wconf 87' lang='lat' dir='ltr'>Canem</span> <span class='ocrx_word' id='word_1_186' title='bbox 653 2566 796 2631; x_wconf 90' lang='lat' dir='ltr'>locutum</span> <span class='ocrx_word' id='word_1_187' title='bbox 816 2565 850 2629; x_wconf 91' lang='lat' dir='ltr'>in</span> <span class='ocrx_word' id='word_1_188' title='bbox 871 2564 1040 2654; x_wconf 86' lang='lat' dir='ltr'>prodigiis,</span> <span class='ocrx_word' id='word_1_189' title='bbox 1062 2566 1150 2651; x_wconf 91' lang='lat' dir='ltr'>quod</span> <span class='ocrx_word' id='word_1_190' title='bbox 1172 2567 1263 2652; x_wconf 89' lang='lat' dir='ltr'>equi·</span> 
     </span>
     <span class='ocr_line' id='line_1_24' title="bbox 142 2665 1263 2756; baseline 0.004 -26"><span class='ocrx_word' id='word_1_191' title='bbox 142 2666 216 2732; x_wconf 91' lang='lat' dir='ltr'>dem</span> <span class='ocrx_word' id='word_1_192' title='bbox 236 2665 465 2746; x_wconf 86' lang='lat' dir='ltr'>adnotaverim,</span> <span class='ocrx_word' id='word_1_193' title='bbox 489 2667 673 2754; x_wconf 90' lang='lat' dir='ltr'>accepimus</span> <span class='ocrx_word' id='word_1_194' title='bbox 695 2677 728 2734; x_wconf 93' lang='lat' dir='ltr'>et</span> <span class='ocrx_word' id='word_1_195' title='bbox 749 2677 932 2754; x_wconf 87' lang='lat' dir='ltr'>serpentem</span> <span class='ocrx_word' id='word_1_196' title='bbox 952 2668 1086 2734; x_wconf 74' lang='lat' dir='ltr'>latrmse</span> <span class='ocrx_word' id='word_1_197' title='bbox 1101 2691 1175 2734; x_wconf 90' lang='lat' dir='ltr'>cum</span> <span class='ocrx_word' id='word_1_198' title='bbox 1189 2670 1263 2756; x_wconf 93' lang='lat' dir='ltr'>pul·</span> 
     </span>
     <span class='ocr_line' id='line_1_25' title="bbox 143 2768 1190 2854; baseline 0.005 -22"><span class='ocrx_word' id='word_1_199' title='bbox 143 2789 197 2832; x_wconf 91' lang='lat' dir='ltr'>sus</span> <span class='ocrx_word' id='word_1_200' title='bbox 219 2777 268 2832; x_wconf 88' lang='lat' dir='ltr'>est</span> <span class='ocrx_word' id='word_1_201' title='bbox 288 2789 389 2854; x_wconf 86' lang='lat' dir='ltr'>regno</span> <span class='ocrx_word' id='word_1_202' title='bbox 410 2768 616 2854; x_wconf 78' lang='lat' dir='ltr'>Tarquinius.</span> <span class='ocrx_word' id='word_1_203' title='bbox 1188 2770 1190 2772; x_wconf 64' lang='grc'>’</span> 
     </span>
    </p>
   </div>
   <div class='ocr_carea' id='block_1_4' title="bbox 141 2975 1263 3374">
    <p class='ocr_par' dir='ltr' id='par_1_7' title="bbox 141 2975 1263 3374">
     <span class='ocr_line' id='line_1_26' title="bbox 141 2975 1262 3040; baseline 0.002 -14"><span class='ocrx_word' id='word_1_204' title='bbox 141 2977 179 3026; x_wconf 91' lang='lat' dir='ltr'>uti</span> <span class='ocrx_word' id='word_1_205' title='bbox 190 2977 218 3024; x_wconf 92' lang='lat' dir='ltr'>in</span> <span class='ocrx_word' id='word_1_206' title='bbox 230 2975 337 3038; x_wconf 82' lang='lat' dir='ltr'>geminis</span> <span class='ocrx_word' id='word_1_207' title='bbox 350 2977 440 3026; x_wconf 87' lang='lat' dir='ltr'>catulis</span> <span class='ocrx_word' id='word_1_208' title='bbox 451 2991 518 3027; x_wconf 88' lang='lat' dir='ltr'>nnus</span> <span class='ocrx_word' id='word_1_209' title='bbox 530 2977 583 3027; x_wconf 88' lang='lat' dir='ltr'>dies</span> <span class='ocrx_word' id='word_1_210' title='bbox 595 2976 767 3036; x_wconf 77' lang='lat' dir='ltr'>adficiebatur,</span> <span class='ocrx_word' id='word_1_211' title='bbox 784 2977 860 3027; x_wconf 87' lang='lat' dir='ltr'>etiam</span> <span class='ocrx_word' id='word_1_212' title='bbox 876 2978 903 3026; x_wconf 86' lang='lat' dir='ltr'>in</span> <span class='ocrx_word' id='word_1_213' title='bbox 915 2976 992 3027; x_wconf 90' lang='lat' dir='ltr'>ternis</span> <span class='ocrx_word' id='word_1_214' title='bbox 1004 2984 1029 3028; x_wconf 86' lang='lat' dir='ltr'>et</span> <span class='ocrx_word' id='word_1_215' title='bbox 1040 2978 1169 3040; x_wconf 83' lang='lat' dir='ltr'>quaternis</span> <span class='ocrx_word' id='word_1_216' title='bbox 1186 2977 1213 3028; x_wconf 90' lang='lat' dir='ltr'>id</span> <span class='ocrx_word' id='word_1_217' title='bbox 1223 2978 1262 3028; x_wconf 83' lang='lat' dir='ltr'>fa·</span> 
     </span>
     <span class='ocr_line' id='line_1_27' title="bbox 142 3041 1263 3106; baseline 0.003 -15"><span class='ocrx_word' id='word_1_218' title='bbox 142 3051 212 3092; x_wconf 86' lang='lat' dir='ltr'>ctum</span> <span class='ocrx_word' id='word_1_219' title='bbox 225 3057 280 3092; x_wconf 88' lang='lat' dir='ltr'>esse</span> <span class='ocrx_word' id='word_1_220' title='bbox 291 3052 403 3105; x_wconf 84' lang='lat' dir='ltr'>apparet.</span> <span class='ocrx_word' id='word_1_221' title='bbox 422 3043 525 3106; x_wconf 81' lang='lat' dir='ltr'>Copula</span> <span class='ocrx_word' id='word_1_222' title='bbox 536 3059 581 3106; x_wconf 85' lang='lat' dir='ltr'>que</span> <span class='ocrx_word' id='word_1_223' title='bbox 592 3044 711 3093; x_wconf 87' lang='lat' dir='ltr'>adverbio</span> <span class='ocrx_word' id='word_1_224' title='bbox 724 3041 818 3091; x_wconf 82' lang='lat' dir='ltr'>totidem</span> <span class='ocrx_word' id='word_1_225' title='bbox 829 3044 907 3105; x_wconf 81' lang='lat' dir='ltr'>vulgo</span> <span class='ocrx_word' id='word_1_226' title='bbox 920 3045 1060 3093; x_wconf 86' lang='lat' dir='ltr'>adhaerens</span> <span class='ocrx_word' id='word_1_227' title='bbox 1068 3059 1170 3106; x_wconf 83' lang='lat' dir='ltr'>prorsus</span> <span class='ocrx_word' id='word_1_228' title='bbox 1179 3047 1263 3095; x_wconf 88' lang='lat' dir='ltr'>otiosa</span> 
     </span>
     <span class='ocr_line' id='line_1_28' title="bbox 142 3107 1261 3170; baseline 0.001 -12"><span class='ocrx_word' id='word_1_229' title='bbox 142 3125 176 3158; x_wconf 88' lang='lat' dir='ltr'>ex</span> <span class='ocrx_word' id='word_1_230' title='bbox 187 3107 294 3170; x_wconf 85' lang='lat' dir='ltr'>ideruque</span> <span class='ocrx_word' id='word_1_231' title='bbox 305 3117 344 3158; x_wconf 87' lang='lat' dir='ltr'>est</span> <span class='ocrx_word' id='word_1_232' title='bbox 355 3118 418 3159; x_wconf 89' lang='lat' dir='ltr'>orta.</span> <span class='ocrx_word' id='word_1_233' title='bbox 436 3111 582 3160; x_wconf 82' lang='lat' dir='ltr'>Sententiae</span> <span class='ocrx_word' id='word_1_234' title='bbox 594 3117 619 3159; x_wconf 86' lang='lat' dir='ltr'>et</span> <span class='ocrx_word' id='word_1_235' title='bbox 627 3111 808 3159; x_wconf 84' lang='lat' dir='ltr'>constructioni</span> <span class='ocrx_word' id='word_1_236' title='bbox 819 3111 855 3158; x_wconf 88' lang='lat' dir='ltr'>ita</span> <span class='ocrx_word' id='word_1_237' title='bbox 867 3111 948 3158; x_wconf 90' lang='lat' dir='ltr'>multo</span> <span class='ocrx_word' id='word_1_238' title='bbox 959 3111 1050 3160; x_wconf 89' lang='lat' dir='ltr'>melius</span> <span class='ocrx_word' id='word_1_239' title='bbox 1062 3111 1210 3160; x_wconf 87' lang='lat' dir='ltr'>consulitur.</span> <span class='ocrx_word' id='word_1_240' title='bbox 1230 3151 1261 3159; x_wconf 84' lang='grc'>..</span> 
     </span>
     <span class='ocr_line' id='line_1_29' title="bbox 141 3171 1262 3240; baseline 0.004 -16"><span class='ocrx_word' id='word_1_241' title='bbox 141 3176 174 3225; x_wconf 80' lang='lat' dir='ltr'>sit</span> <span class='ocrx_word' id='word_1_242' title='bbox 181 3175 286 3240; x_wconf 81' lang='lat' dir='ltr'>semina,</span> <span class='ocrx_word' id='word_1_243' title='bbox 302 3178 355 3227; x_wconf 90' lang='lat' dir='ltr'>Rd.</span> <span class='ocrx_word' id='word_1_244' title='bbox 372 3176 471 3239; x_wconf 82' lang='lat' dir='ltr'>femiae</span> <span class='ocrx_word' id='word_1_245' title='bbox 486 3176 525 3238; x_wconf 78' lang='lat' dir='ltr'>sit,</span> <span class='ocrx_word' id='word_1_246' title='bbox 541 3171 592 3239; x_wconf 77' lang='grc' dir='ltr'>βγ.</span> <span class='ocrx_word' id='word_1_247' title='bbox 610 3218 642 3226; x_wconf 81' lang='lat'>..</span> <span class='ocrx_word' id='word_1_248' title='bbox 661 3176 767 3234; x_wconf 81' lang='lat' dir='ltr'>Faunos,</span> <span class='ocrx_word' id='word_1_249' title='bbox 783 3176 856 3224; x_wconf 89' lang='lat' dir='ltr'>codd.</span> <span class='ocrx_word' id='word_1_250' title='bbox 875 3176 932 3225; x_wconf 86' lang='lat' dir='ltr'>Gel.</span> <span class='ocrx_word' id='word_1_251' title='bbox 950 3175 1041 3238; x_wconf 80' lang='lat' dir='ltr'>fluum,</span> <span class='ocrx_word' id='word_1_252' title='bbox 1058 3179 1111 3226; x_wconf 85' lang='lat' dir='ltr'>Td.</span> <span class='ocrx_word' id='word_1_253' title='bbox 1129 3175 1219 3239; x_wconf 83' lang='lat' dir='ltr'>flavos,</span> <span class='ocrx_word' id='word_1_254' title='bbox 1230 3179 1262 3228; x_wconf 89' lang='lat' dir='ltr'>R.</span> 
     </span>
     <span class='ocr_line' id='line_1_30' title="bbox 142 3236 1262 3309; baseline 0.004 -17"><span class='ocrx_word' id='word_1_255' title='bbox 142 3243 231 3304; x_wconf 81' lang='lat' dir='ltr'>clunes,</span> <span class='ocrx_word' id='word_1_256' title='bbox 239 3260 260 3293; x_wconf 92' lang='lat' dir='ltr'>r.</span> <span class='ocrx_word' id='word_1_257' title='bbox 272 3243 348 3305; x_wconf 76' lang='lat' dir='ltr'>eitius,</span> <span class='ocrx_word' id='word_1_258' title='bbox 357 3246 389 3294; x_wconf 83' lang='lat' dir='ltr'><strong>K</strong></span> <span class='ocrx_word' id='word_1_259' title='bbox 399 3243 493 3308; x_wconf 81' lang='lat' dir='ltr'>plenius</span> <span class='ocrx_word' id='word_1_260' title='bbox 503 3247 546 3294; x_wconf 85' lang='lat' dir='ltr'>vel</span> <span class='ocrx_word' id='word_1_261' title='bbox 558 3245 644 3309; x_wconf 89' lang='lat' dir='ltr'>potius</span> <span class='ocrx_word' id='word_1_262' title='bbox 655 3241 694 3292; x_wconf 74' lang='lat' dir='ltr'>dre</span> <span class='ocrx_word' id='word_1_263' title='bbox 705 3250 823 3305; x_wconf 80' lang='lat' dir='ltr'>nocteque,</span> <span class='ocrx_word' id='word_1_264' title='bbox 834 3243 923 3292; x_wconf 82' lang='lat' dir='ltr'>Dalec</span> <span class='ocrx_word' id='word_1_265' title='bbox 937 3282 968 3292; x_wconf 79' lang='lat'>..</span> <span class='ocrx_word' id='word_1_266' title='bbox 981 3242 1127 3306; x_wconf 70' lang='lat' dir='ltr'>maumas,</span> <span class='ocrx_word' id='word_1_267' title='bbox 1136 3236 1262 3296; x_wconf 75' lang='lat' dir='ltr'>ROTor.</span> 
     </span>
     <span class='ocr_line' id='line_1_31' title="bbox 142 3306 448 3374; baseline 0.007 -15"><span class='ocrx_word' id='word_1_268' title='bbox 142 3312 271 3374; x_wconf 70' lang='lat' dir='ltr'>nocuum,</span> <span class='ocrx_word' id='word_1_269' title='bbox 282 3306 311 3373; x_wconf 76' lang='grc' dir='ltr'>β.</span> <span class='ocrx_word' id='word_1_270' title='bbox 329 3312 406 3374; x_wconf 77' lang='lat' dir='ltr'>citius,</span> <span class='ocrx_word' id='word_1_271' title='bbox 415 3313 448 3363; x_wconf 89' lang='lat' dir='ltr'>K.</span> 
     </span>
    </p>
   </div>
   <div class='ocr_carea' id='block_1_5' title="bbox 153 3404 1262 3479">
    <p class='ocr_par' dir='ltr' id='par_1_8' title="bbox 153 3404 1262 3479">
     <span class='ocr_line' id='line_1_32' title="bbox 153 3404 1262 3479; baseline 0.002 -17"><span class='ocrx_word' id='word_1_272' title='bbox 153 3404 261 3476; x_wconf 63' lang='lat'>&#39;5152</span> <span class='ocrx_word' id='word_1_273' title='bbox 284 3421 310 3463; x_wconf 86' lang='lat' dir='ltr'>ut</span> <span class='ocrx_word' id='word_1_274' title='bbox 321 3411 432 3477; x_wconf 73' lang='lat' dir='ltr'>diximus,</span> <span class='ocrx_word' id='word_1_275' title='bbox 444 3429 514 3479; x_wconf 92' lang='lat' dir='ltr'>pone</span> <span class='ocrx_word' id='word_1_276' title='bbox 526 3411 625 3463; x_wconf 82' lang='lat' dir='ltr'>ardente</span> <span class='ocrx_word' id='word_1_277' title='bbox 636 3414 749 3464; x_wconf 85' lang='lat' dir='ltr'>collocat</span> <span class='ocrx_word' id='word_1_278' title='bbox 764 3413 797 3463; x_wconf 91' lang='lat' dir='ltr'>K.</span> <span class='ocrx_word' id='word_1_279' title='bbox 824 3412 884 3464; x_wconf 91' lang='lat' dir='ltr'>Vid.</span> <span class='ocrx_word' id='word_1_280' title='bbox 903 3419 927 3474; x_wconf 82' lang='lat'>2,</span> <span class='ocrx_word' id='word_1_281' title='bbox 945 3418 1002 3465; x_wconf 83' lang='lat'><strong>107.</strong></span> <span class='ocrx_word' id='word_1_282' title='bbox 1029 3414 1185 3479; x_wconf 87' lang='lat' dir='ltr'>Obloqnitur</span> <span class='ocrx_word' id='word_1_283' title='bbox 1199 3416 1226 3464; x_wconf 89' lang='lat' dir='ltr'>h.</span> <span class='ocrx_word' id='word_1_284' title='bbox 1243 3415 1262 3466; x_wconf 91' lang='lat' dir='ltr'>l.</span> 
     </span>
    </p>
   </div>
   <div class='ocr_carea' id='block_1_6' title="bbox 141 3474 1262 3604">
    <p class='ocr_par' dir='ltr' id='par_1_9' title="bbox 141 3474 1262 3604">
     <span class='ocr_line' id='line_1_33' title="bbox 141 3474 1262 3595; baseline 0.01 -69"><span class='ocrx_word' id='word_1_285' title='bbox 141 3479 209 3595; x_wconf 55' lang='lat' dir='ltr'>Plind</span> <span class='ocrx_word' id='word_1_286' title='bbox 225 3479 361 3531; x_wconf 84' lang='lat' dir='ltr'>Aristoteli</span> <span class='ocrx_word' id='word_1_287' title='bbox 376 3483 436 3532; x_wconf 86' lang='lat' dir='ltr'>hist.</span> <span class='ocrx_word' id='word_1_288' title='bbox 453 3484 530 3533; x_wconf 92' lang='lat' dir='ltr'>anim.</span> <span class='ocrx_word' id='word_1_289' title='bbox 548 3489 572 3540; x_wconf 87' lang='lat'>8,</span> <span class='ocrx_word' id='word_1_290' title='bbox 585 3488 625 3532; x_wconf 76' lang='lat'>22.</span> <span class='ocrx_word' id='word_1_291' title='bbox 643 3523 676 3531; x_wconf 74' lang='grc'><strong>-</strong></span> <span class='ocrx_word' id='word_1_292' title='bbox 694 3480 808 3545; x_wconf 73' lang='lat' dir='ltr'>immisto,</span> <span class='ocrx_word' id='word_1_293' title='bbox 820 3474 945 3532; x_wconf 71' lang='lat' dir='ltr'>soror.</span> <span class='ocrx_word' id='word_1_294' title='bbox 967 3482 1044 3545; x_wconf 64' lang='lat' dir='ltr'>mrim,</span> <span class='ocrx_word' id='word_1_295' title='bbox 1055 3476 1085 3544; x_wconf 76' lang='grc' dir='ltr'>β.</span> <span class='ocrx_word' id='word_1_296' title='bbox 1104 3522 1136 3532; x_wconf 78' lang='lat'>..-</span> <span class='ocrx_word' id='word_1_297' title='bbox 1149 3497 1262 3546; x_wconf 73' lang='lat' dir='ltr'>pevene-</span> 
     </span>
     <span class='ocr_line' id='line_1_34' title="bbox 142 3559 218 3604; baseline 0.013 -12"><span class='ocrx_word' id='word_1_298' title='bbox 142 3559 182 3604; x_wconf 82' lang='lat' dir='ltr'>m,</span> <span class='ocrx_word' id='word_1_299' title='bbox 211 3580 218 3593; x_wconf 89' lang='lat'><strong>.</strong></span> 
     </span>
    </p>
   </div>
   <div class='ocr_carea' id='block_1_7' title="bbox 140 3642 1264 4188">
    <p class='ocr_par' dir='ltr' id='par_1_10' title="bbox 140 3642 1264 4188">
     <span class='ocr_line' id='line_1_35' title="bbox 178 3642 1263 3713; baseline 0.002 -18"><span class='ocrx_word' id='word_1_300' title='bbox 178 3647 192 3708; x_wconf 81' lang='lat'>§</span> <span class='ocrx_word' id='word_1_301' title='bbox 207 3649 264 3695; x_wconf 86' lang='grc'><strong>153.</strong></span> <span class='ocrx_word' id='word_1_302' title='bbox 281 3642 306 3692; x_wconf 81' lang='lat' dir='ltr'><em>A</em></span> <span class='ocrx_word' id='word_1_303' title='bbox 318 3660 404 3707; x_wconf 83' lang='lat' dir='ltr'>morsu,</span> <span class='ocrx_word' id='word_1_304' title='bbox 415 3649 448 3696; x_wconf 85' lang='lat' dir='ltr'>R.</span> <span class='ocrx_word' id='word_1_305' title='bbox 465 3647 627 3710; x_wconf 71' lang='lat' dir='ltr'>nemorum,</span> <span class='ocrx_word' id='word_1_306' title='bbox 640 3650 710 3698; x_wconf 85' lang='lat' dir='ltr'>Tdr.</span> <span class='ocrx_word' id='word_1_307' title='bbox 729 3689 761 3697; x_wconf 84' lang='grc'>..</span> <span class='ocrx_word' id='word_1_308' title='bbox 779 3657 904 3713; x_wconf 86' lang='lat' dir='ltr'>repertum,</span> <span class='ocrx_word' id='word_1_309' title='bbox 916 3651 948 3700; x_wconf 85' lang='lat' dir='ltr'>R.</span> <span class='ocrx_word' id='word_1_310' title='bbox 966 3651 1059 3698; x_wconf 79' lang='lat' dir='ltr'>invento</span> <span class='ocrx_word' id='word_1_311' title='bbox 1070 3654 1194 3711; x_wconf 81' lang='lat' dir='ltr'>repertum,</span> <span class='ocrx_word' id='word_1_312' title='bbox 1209 3646 1263 3697; x_wconf 86' lang='lat' dir='ltr'>Td.</span> 
     </span>
     <span class='ocr_line' id='line_1_36' title="bbox 143 3710 1264 3779; baseline 0 -16"><span class='ocrx_word' id='word_1_313' title='bbox 143 3754 175 3763; x_wconf 85' lang='grc'><strong>-</strong></span> <span class='ocrx_word' id='word_1_314' title='bbox 194 3710 352 3777; x_wconf 74' lang='lat' dir='ltr'>oyuomlodu,</span> <span class='ocrx_word' id='word_1_315' title='bbox 368 3715 392 3762; x_wconf 84' lang='lat' dir='ltr'>d.</span> <span class='ocrx_word' id='word_1_316' title='bbox 419 3711 562 3776; x_wconf 75' lang='lat' dir='ltr'>locyuordc,</span> <span class='ocrx_word' id='word_1_317' title='bbox 577 3715 610 3763; x_wconf 89' lang='lat' dir='ltr'>R.</span> <span class='ocrx_word' id='word_1_318' title='bbox 636 3712 801 3779; x_wconf 71' lang='lat' dir='ltr'>cyane-rhodes,</span> <span class='ocrx_word' id='word_1_319' title='bbox 816 3710 868 3778; x_wconf 74' lang='grc' dir='ltr'>βγ.</span> <span class='ocrx_word' id='word_1_320' title='bbox 887 3756 919 3764; x_wconf 88' lang='grc'>..</span> <span class='ocrx_word' id='word_1_321' title='bbox 941 3713 1071 3764; x_wconf 78' lang='lat' dir='ltr'>Columella</span> <span class='ocrx_word' id='word_1_322' title='bbox 1086 3715 1118 3762; x_wconf 91' lang='lat' dir='ltr'>dc</span> <span class='ocrx_word' id='word_1_323' title='bbox 1130 3729 1157 3762; x_wconf 91' lang='lat' dir='ltr'>re</span> <span class='ocrx_word' id='word_1_324' title='bbox 1168 3714 1264 3764; x_wconf 90' lang='lat' dir='ltr'>rustica</span> 
     </span>
     <span class='ocr_line' id='line_1_37' title="bbox 143 3779 1263 3845; baseline 0 -15"><span class='ocrx_word' id='word_1_325' title='bbox 143 3780 204 3831; x_wconf 85' lang='lat' dir='ltr'><strong>VII.</strong></span> <span class='ocrx_word' id='word_1_326' title='bbox 220 3786 313 3841; x_wconf 60' lang='lat'><strong>1214.</strong></span> <span class='ocrx_word' id='word_1_327' title='bbox 332 3820 365 3829; x_wconf 86' lang='lat'>..</span> <span class='ocrx_word' id='word_1_328' title='bbox 382 3779 507 3842; x_wconf 81' lang='lat' dir='ltr'>urrserutur</span> <span class='ocrx_word' id='word_1_329' title='bbox 519 3779 617 3842; x_wconf 80' lang='lat' dir='ltr'>insequi,</span> <span class='ocrx_word' id='word_1_330' title='bbox 629 3782 666 3830; x_wconf 84' lang='lat' dir='ltr'>ita</span> <span class='ocrx_word' id='word_1_331' title='bbox 676 3795 724 3831; x_wconf 88' lang='lat' dir='ltr'>nos</span> <span class='ocrx_word' id='word_1_332' title='bbox 736 3782 889 3844; x_wconf 88' lang='lat' dir='ltr'>scripsimus.</span> <span class='ocrx_word' id='word_1_333' title='bbox 916 3779 1177 3845; x_wconf 57' lang='lat' dir='ltr'>urpimutpmrequill.</span> <span class='ocrx_word' id='word_1_334' title='bbox 1206 3781 1263 3844; x_wconf 64' lang='lat' dir='ltr'>crude</span> 
     </span>
     <span class='ocr_line' id='line_1_38' title="bbox 143 3841 1262 3913; baseline -0.002 -17"><span class='ocrx_word' id='word_1_335' title='bbox 143 3847 233 3913; x_wconf 70' lang='lat' dir='ltr'>satyris</span> <span class='ocrx_word' id='word_1_336' title='bbox 244 3847 304 3910; x_wconf 81' lang='lat' dir='ltr'>equi,</span> <span class='ocrx_word' id='word_1_337' title='bbox 316 3849 340 3897; x_wconf 91' lang='lat' dir='ltr'>d.</span> <span class='ocrx_word' id='word_1_338' title='bbox 369 3846 503 3910; x_wconf 80' lang='lat' dir='ltr'>artferutur,</span> <span class='ocrx_word' id='word_1_339' title='bbox 514 3845 627 3909; x_wconf 83' lang='lat' dir='ltr'>sequenti,</span> <span class='ocrx_word' id='word_1_340' title='bbox 638 3841 689 3910; x_wconf 77' lang='grc' dir='ltr'>βγ.</span> <span class='ocrx_word' id='word_1_341' title='bbox 712 3848 785 3909; x_wconf 81' lang='lat' dir='ltr'>sequi.</span> <span class='ocrx_word' id='word_1_342' title='bbox 798 3849 875 3897; x_wconf 88' lang='lat' dir='ltr'>otiam</span> <span class='ocrx_word' id='word_1_343' title='bbox 890 3841 919 3897; x_wconf 83' lang='grc' dir='ltr'>θ.</span> <span class='ocrx_word' id='word_1_344' title='bbox 946 3847 1063 3896; x_wconf 66' lang='lat' dir='ltr'>sanemus</span> <span class='ocrx_word' id='word_1_345' title='bbox 1074 3846 1191 3898; x_wconf 81' lang='lat' dir='ltr'>mordicus</span> <span class='ocrx_word' id='word_1_346' title='bbox 1201 3866 1262 3899; x_wconf 87' lang='lat' dir='ltr'>com.</span> 
     </span>
     <span class='ocr_line' id='line_1_39' title="bbox 140 3910 1262 3979; baseline 0.003 -15"><span class='ocrx_word' id='word_1_347' title='bbox 140 3915 270 3979; x_wconf 71' lang='lat' dir='ltr'>prehensus</span> <span class='ocrx_word' id='word_1_348' title='bbox 286 3922 309 3963; x_wconf 86' lang='lat' dir='ltr'>et</span> <span class='ocrx_word' id='word_1_349' title='bbox 323 3913 475 3979; x_wconf 78' lang='lat' dir='ltr'>aliquatenus</span> <span class='ocrx_word' id='word_1_350' title='bbox 485 3912 581 3963; x_wconf 81' lang='lat' dir='ltr'>eductus</span> <span class='ocrx_word' id='word_1_351' title='bbox 592 3913 749 3977; x_wconf 80' lang='lat' dir='ltr'>abrumpitur,</span> <span class='ocrx_word' id='word_1_352' title='bbox 766 3914 919 3964; x_wconf 84' lang='lat' dir='ltr'>Columella.</span> <span class='ocrx_word' id='word_1_353' title='bbox 938 3956 970 3965; x_wconf 89' lang='lat'>..</span> <span class='ocrx_word' id='word_1_354' title='bbox 991 3931 1095 3978; x_wconf 69' lang='lat' dir='ltr'>nucum,</span> <span class='ocrx_word' id='word_1_355' title='bbox 1111 3910 1140 3967; x_wconf 85' lang='grc' dir='ltr'>θ.</span> <span class='ocrx_word' id='word_1_356' title='bbox 1158 3933 1262 3979; x_wconf 80' lang='lat' dir='ltr'>neruum,</span> 
     </span>
     <span class='ocr_line' id='line_1_40' title="bbox 144 3977 1263 4050; baseline 0.004 -18"><span class='ocrx_word' id='word_1_357' title='bbox 144 3982 198 4034; x_wconf 86' lang='lat' dir='ltr'>Rd.</span> <span class='ocrx_word' id='word_1_358' title='bbox 215 3999 293 4044; x_wconf 81' lang='lat' dir='ltr'>uerno,</span> <span class='ocrx_word' id='word_1_359' title='bbox 309 3978 362 4047; x_wconf 80' lang='grc' dir='ltr'>βγ.</span> <span class='ocrx_word' id='word_1_360' title='bbox 385 3984 485 4034; x_wconf 89' lang='lat' dir='ltr'>Deinde</span> <span class='ocrx_word' id='word_1_361' title='bbox 500 3989 597 4044; x_wconf 80' lang='lat' dir='ltr'>exemto,</span> <span class='ocrx_word' id='word_1_362' title='bbox 614 3985 684 4046; x_wconf 91' lang='lat' dir='ltr'>quod</span> <span class='ocrx_word' id='word_1_363' title='bbox 699 3983 778 4045; x_wconf 84' lang='lat' dir='ltr'>vulgo</span> <span class='ocrx_word' id='word_1_364' title='bbox 795 3977 840 4047; x_wconf 78' lang='grc' dir='ltr'>βγ</span> <span class='ocrx_word' id='word_1_365' title='bbox 852 3985 884 4032; x_wconf 89' lang='lat' dir='ltr'>ad</span> <span class='ocrx_word' id='word_1_366' title='bbox 895 3984 980 4046; x_wconf 88' lang='lat' dir='ltr'>priora</span> <span class='ocrx_word' id='word_1_367' title='bbox 990 3984 1152 4046; x_wconf 83' lang='lat' dir='ltr'>referebatur,</span> <span class='ocrx_word' id='word_1_368' title='bbox 1168 4002 1216 4050; x_wconf 87' lang='lat' dir='ltr'>ego</span> <span class='ocrx_word' id='word_1_369' title='bbox 1229 3988 1263 4037; x_wconf 85' lang='lat' dir='ltr'>ad</span> 
     </span>
     <span class='ocr_line' id='line_1_41' title="bbox 145 4050 1262 4116; baseline 0.004 -16"><span class='ocrx_word' id='word_1_370' title='bbox 145 4053 275 4114; x_wconf 85' lang='lat' dir='ltr'>sequentia</span> <span class='ocrx_word' id='word_1_371' title='bbox 285 4052 374 4114; x_wconf 78' lang='lat' dir='ltr'>retuli3</span> <span class='ocrx_word' id='word_1_372' title='bbox 386 4052 613 4116; x_wconf 78' lang='lat' dir='ltr'>breviloquentiam</span> <span class='ocrx_word' id='word_1_373' title='bbox 627 4051 654 4099; x_wconf 91' lang='lat' dir='ltr'>in</span> <span class='ocrx_word' id='word_1_374' title='bbox 662 4050 813 4114; x_wconf 87' lang='lat' dir='ltr'>pronomine</span> <span class='ocrx_word' id='word_1_375' title='bbox 822 4052 1021 4102; x_wconf 84' lang='lat' dir='ltr'>demonstrativo</span> <span class='ocrx_word' id='word_1_376' title='bbox 1035 4053 1138 4104; x_wconf 79' lang='lat' dir='ltr'>ablativi</span> <span class='ocrx_word' id='word_1_377' title='bbox 1152 4055 1262 4105; x_wconf 88' lang='lat' dir='ltr'>absoluti</span> 
     </span>
     <span class='ocr_line' id='line_1_42' title="bbox 146 4117 1261 4188; baseline 0.006 -24"><span class='ocrx_word' id='word_1_378' title='bbox 146 4119 238 4168; x_wconf 89' lang='lat' dir='ltr'>omisso</span> <span class='ocrx_word' id='word_1_379' title='bbox 255 4120 340 4170; x_wconf 91' lang='lat' dir='ltr'>Plinio</span> <span class='ocrx_word' id='word_1_380' title='bbox 358 4121 480 4171; x_wconf 86' lang='lat' dir='ltr'>usitatam</span> <span class='ocrx_word' id='word_1_381' title='bbox 498 4119 610 4183; x_wconf 85' lang='lat' dir='ltr'>explicui</span> <span class='ocrx_word' id='word_1_382' title='bbox 626 4120 659 4170; x_wconf 86' lang='lat' dir='ltr'>ad</span> <span class='ocrx_word' id='word_1_383' title='bbox 675 4124 717 4181; x_wconf 77' lang='lat'>35,</span> <span class='ocrx_word' id='word_1_384' title='bbox 736 4125 775 4169; x_wconf 82' lang='grc'>14.</span> <span class='ocrx_word' id='word_1_385' title='bbox 793 4158 825 4187; x_wconf 33' lang='grc' dir='ltr'>..Ι</span> <span class='ocrx_word' id='word_1_386' title='bbox 844 4117 988 4185; x_wconf 79' lang='lat' dir='ltr'>ademerim,</span> <span class='ocrx_word' id='word_1_387' title='bbox 1004 4122 1036 4172; x_wconf 87' lang='lat' dir='ltr'>R.</span> <span class='ocrx_word' id='word_1_388' title='bbox 1055 4163 1087 4173; x_wconf 78' lang='grc'><strong>-</strong></span> <span class='ocrx_word' id='word_1_389' title='bbox 1108 4122 1261 4188; x_wconf 79' lang='lat' dir='ltr'>Tarquinius,</span> 
     </span>
    </p>
   </div>
   <div class='ocr_carea' id='block_1_8' title="bbox 145 4186 1058 4288">
    <p class='ocr_par' dir='ltr' id='par_1_11' title="bbox 145 4186 1058 4288">
     <span class='ocr_line' id='line_1_43' title="bbox 145 4186 1058 4288; baseline 0.005 -54"><span class='ocrx_word' id='word_1_390' title='bbox 145 4186 225 4250; x_wconf 70' lang='lat' dir='ltr'>omitt,</span> <span class='ocrx_word' id='word_1_391' title='bbox 237 4188 290 4237; x_wconf 85' lang='lat' dir='ltr'>Rd.</span> <span class='ocrx_word' id='word_1_392' title='bbox 1041 4254 1058 4288; x_wconf 32' lang='grc' dir='ltr'>ᾗ</span> 
     </span>
    </p>
   </div>
   <div class='ocr_carea' id='block_1_9' title="bbox 0 0 1452 4800">
    <p class='ocr_par' dir='ltr' id='par_1_12' title="bbox 0 0 1452 4800">
     <span class='ocr_line' id='line_1_44' title="bbox 0 0 1452 4800; baseline 0 0"><span class='ocrx_word' id='word_1_393' title='bbox 0 0 1452 4800; x_wconf 95' lang='lat' dir='ltr'> </span> 
     </span>
    </p>
   </div>
  </div>
 </body>
</html>
